<record>
  <leader>04071cdm a2200673Ii 4500</leader>
  <controlfield tag="001">1923024502</controlfield>
  <controlfield tag="003">OCoLC</controlfield>
  <controlfield tag="005">20160706113545.0</controlfield>
  <controlfield tag="007">qu</controlfield>
  <controlfield tag="008">151008s1770    xx syze        n    zxx d</controlfield>
  <datafield tag="031" ind1=" " ind2=" ">
    <subfield code="a">1</subfield>
    <subfield code="b">1</subfield>
    <subfield code="d">Allegro con spirito</subfield>
    <subfield code="m">vl</subfield>
    <subfield code="o">3/4</subfield>
    <subfield code="p">''4C'EF/G''GF/ECC/8{C'B}4B-/''G'DE/F''FE/D'FF/{8FE}4E-</subfield>
    <subfield code="r">C</subfield>
    <subfield code="2">pe</subfield>
  </datafield>
  <datafield tag="031" ind1=" " ind2=" ">
    <subfield code="a">1</subfield>
    <subfield code="b">2</subfield>
    <subfield code="d">Andante poco</subfield>
    <subfield code="m">vl</subfield>
    <subfield code="n">bB</subfield>
    <subfield code="o">2/4</subfield>
    <subfield code="p">''3{C'AFC}/{,8A'CFA}/{''8.C6'B}{8'A''3C'AFC}/{,8A'F}6qA{8G6EC}/{8FA}{F''3C'AFC}/4,A</subfield>
    <subfield code="2">pe</subfield>
  </datafield>
  <datafield tag="031" ind1=" " ind2=" ">
    <subfield code="a">1</subfield>
    <subfield code="b">3</subfield>
    <subfield code="d">Menuetto</subfield>
    <subfield code="m">vl</subfield>
    <subfield code="o">3/4</subfield>
    <subfield code="p">''4C4.Ctq6C{'BA}/4G4.Ft6{ED}/4CDA/qG2Ft4E/''C</subfield>
    <subfield code="r">C</subfield>
    <subfield code="2">pe</subfield>
  </datafield>
  <datafield tag="031" ind1=" " ind2=" ">
    <subfield code="a">1</subfield>
    <subfield code="b">4</subfield>
    <subfield code="d">Presto</subfield>
    <subfield code="m">vl</subfield>
    <subfield code="o">2/4</subfield>
    <subfield code="p">''(8{CCC})(8{CCC})/(8{CCC})(8{CCC})/(8{C'BB})(8{B''GF})/(8{ECC})(8{CCC})/4C</subfield>
    <subfield code="r">C</subfield>
    <subfield code="2">pe</subfield>
  </datafield>
  <datafield tag="031" ind1=" " ind2=" ">
    <subfield code="a">2</subfield>
    <subfield code="b">1</subfield>
    <subfield code="d">Allegro Assai</subfield>
    <subfield code="m">vl</subfield>
    <subfield code="n">bBE</subfield>
    <subfield code="o">c/</subfield>
    <subfield code="p">4''F6qE8.{D6C}'4'B''C/D8{EC}q'B4A{8GE}/{BF''D'B}{GBFB}/4E</subfield>
    <subfield code="2">pe</subfield>
  </datafield>
  <datafield tag="031" ind1=" " ind2=" ">
    <subfield code="a">2</subfield>
    <subfield code="b">2</subfield>
    <subfield code="d">Andantino</subfield>
    <subfield code="m">vl</subfield>
    <subfield code="n">bB</subfield>
    <subfield code="o">2/4</subfield>
    <subfield code="p">''8{A6.A3G}{8AB}/'''4C''F/{8G6.G3F}{8GA4/BE/F</subfield>
    <subfield code="2">pe</subfield>
  </datafield>
  <datafield tag="031" ind1=" " ind2=" ">
    <subfield code="a">2</subfield>
    <subfield code="b">3</subfield>
    <subfield code="c">1</subfield>
    <subfield code="d">Presto</subfield>
    <subfield code="m">vl</subfield>
    <subfield code="n">bBE</subfield>
    <subfield code="o">2/4</subfield>
    <subfield code="p">4'B-/''C-/D</subfield>
    <subfield code="2">pe</subfield>
  </datafield>
  <datafield tag="031" ind1=" " ind2=" ">
    <subfield code="a">2</subfield>
    <subfield code="b">3</subfield>
    <subfield code="c">2</subfield>
    <subfield code="d">Presto</subfield>
    <subfield code="m">vl</subfield>
    <subfield code="n">bBE</subfield>
    <subfield code="o">2/4</subfield>
    <subfield code="p">8-'{BB''C}/{DFED}/4C</subfield>
    <subfield code="2">pe</subfield>
  </datafield>
  <datafield tag="031" ind1=" " ind2=" ">
    <subfield code="a">3</subfield>
    <subfield code="b">1</subfield>
    <subfield code="d">Allegro Molto</subfield>
    <subfield code="m">vl</subfield>
    <subfield code="o">2/4</subfield>
    <subfield code="p">'''2C/''4.C8E/4D{6DCDE}/4F-/'''2D/'4.G''8F/4E6{EDEF}/4G-</subfield>
    <subfield code="r">C</subfield>
    <subfield code="2">pe</subfield>
  </datafield>
  <datafield tag="031" ind1=" " ind2=" ">
    <subfield code="a">3</subfield>
    <subfield code="b">2</subfield>
    <subfield code="d">Cantabile Andante</subfield>
    <subfield code="m">vl</subfield>
    <subfield code="n">xF</subfield>
    <subfield code="o">c/</subfield>
    <subfield code="p">''4D/GB-D/qC'2B4-''G/'A''C-'F/qF2G4-</subfield>
    <subfield code="2">pe</subfield>
  </datafield>
  <datafield tag="031" ind1=" " ind2=" ">
    <subfield code="a">3</subfield>
    <subfield code="b">3</subfield>
    <subfield code="d">Menuetto</subfield>
    <subfield code="m">vl</subfield>
    <subfield code="o">3/4</subfield>
    <subfield code="p">''(8{GEC})/'2G4Ft/8{EG}{''CEG'''C}/''4GCD/ED''(8{GEC})/'2G4Ft/E</subfield>
    <subfield code="r">C</subfield>
    <subfield code="2">pe</subfield>
  </datafield>
  <datafield tag="031" ind1=" " ind2=" ">
    <subfield code="a">3</subfield>
    <subfield code="b">4</subfield>
    <subfield code="d">Presto</subfield>
    <subfield code="m">vl</subfield>
    <subfield code="o">6/8</subfield>
    <subfield code="p">{''8C6C'B''8C}{'G''GE}/{''8C6C'B''8C}{'G''EC}/{'A''FD}{'B6GA8B}/{''C'GE}{GEG}/4''C</subfield>
    <subfield code="r">C</subfield>
    <subfield code="2">pe</subfield>
  </datafield>
  <datafield tag="035" ind1=" " ind2=" ">
    <subfield code="a">(OCoLC)923024502</subfield>
  </datafield>
  <datafield tag="040" ind1=" " ind2=" ">
    <subfield code="a">MORIA</subfield>
    <subfield code="b">eng</subfield>
    <subfield code="c">MORIA</subfield>
    <subfield code="d">OCLCO</subfield>
    <subfield code="d">MORIA</subfield>
    <subfield code="d">OCLCQ</subfield>
    <subfield code="d">MORIA</subfield>
  </datafield>
  <datafield tag="049" ind1=" " ind2=" ">
    <subfield code="a">MORA</subfield>
  </datafield>
  <datafield tag="100" ind1="1" ind2=" ">
    <subfield code="a">Haydn, Joseph</subfield>
    <subfield code="d">1732-1809</subfield>
    <subfield code="4">cmp</subfield>
  </datafield>
  <datafield tag="240" ind1="1" ind2="0">
    <subfield code="a">Symphonies</subfield>
    <subfield code="k">Selections</subfield>
  </datafield>
  <datafield tag="245" ind1="1" ind2="0">
    <subfield code="a">[Trois Simphonies Oe. X. PN: 238 /</subfield>
    <subfield code="c">Haydn]</subfield>
  </datafield>
  <datafield tag="246" ind1="1" ind2="6">
    <subfield code="a">Sinfonia</subfield>
  </datafield>
  <datafield tag="260" ind1=" " ind2=" ">
    <subfield code="c">[between 1732 and 1809]</subfield>
  </datafield>
  <datafield tag="300" ind1=" " ind2=" ">
    <subfield code="a">9 manuscript parts</subfield>
  </datafield>
  <datafield tag="336" ind1=" " ind2=" ">
    <subfield code="a">notated music</subfield>
    <subfield code="b">ntm</subfield>
    <subfield code="2">rdacontent</subfield>
  </datafield>
  <datafield tag="337" ind1=" " ind2=" ">
    <subfield code="a">unmediated</subfield>
    <subfield code="b">n</subfield>
    <subfield code="2">rdamedia</subfield>
  </datafield>
  <datafield tag="500" ind1=" " ind2=" ">
    <subfield code="a">Caption titles: Sinfonia. I. Sinfonia. II. Sinfonia. III.</subfield>
  </datafield>
  <datafield tag="500" ind1=" " ind2=" ">
    <subfield code="a">Front, vln I: No. 29. 30. 31. T p missing. Possibly copied from Hummel edition: Trois Simphonies Oe. X. PN: 238 [Amsterdam, 1770].</subfield>
  </datafield>
  <datafield tag="500" ind1=" " ind2=" ">
    <subfield code="a">Pts: Fl Obl; Ob I, II; Hn I, II; Vln I, II; Vla; [Basso](fig).</subfield>
  </datafield>
  <datafield tag="500" ind1=" " ind2=" ">
    <subfield code="a">LCM 29. Pts: Ob I, II; Hn I, II; Vln I, II; Vla; [Basso](fig). Allegro con spirito. Basso m166-202 only, Menuetto, Presto.</subfield>
  </datafield>
  <datafield tag="500" ind1=" " ind2=" ">
    <subfield code="a">LCM 30. Pts: Ob I, II; Hn I, II; Vln I, II; Vla; [Basso](fig). Allegro assai, Presto.</subfield>
  </datafield>
  <datafield tag="500" ind1=" " ind2=" ">
    <subfield code="a">LCM 30. Pts: Vln I, II; Vla; [Basso](fig). Tacet: Ob I, II; Hn I, II. Andantino.</subfield>
  </datafield>
  <datafield tag="500" ind1=" " ind2=" ">
    <subfield code="a">LCM 30. The first two movements are probably by Michael Haydn. The third movement is probably by Franz Joseph Haydn.</subfield>
  </datafield>
  <datafield tag="500" ind1=" " ind2=" ">
    <subfield code="a">LCM 31. Pts: Ob I, II; Hn I, II; Vln I, II; Vla; [Basso](fig). Allegro molto, Menuetto, Presto.</subfield>
  </datafield>
  <datafield tag="500" ind1=" " ind2=" ">
    <subfield code="a">LCM 31. Pts: Vln I, II; Vla; [Basso](fig). Tacet: Ob I, II; Hn I, II. Cantabile Andante.</subfield>
  </datafield>
  <datafield tag="500" ind1=" " ind2=" ">
    <subfield code="a">See Hoboken H I/B2.</subfield>
    <subfield code="5">NcWsMM</subfield>
  </datafield>
  <datafield tag="500" ind1=" " ind2=" ">
    <subfield code="a">LCM 30. See Hoboken.</subfield>
    <subfield code="5">NcWsMM</subfield>
  </datafield>
  <datafield tag="500" ind1=" " ind2=" ">
    <subfield code="a">LCM 30. See: [Haydn,?Franz Joseph] (1732-1809) [Symphony, B♭ major, H I/B2].</subfield>
    <subfield code="5">NcWsMM</subfield>
  </datafield>
  <datafield tag="505" ind1="0" ind2=" ">
    <subfield code="a">Symphony, no 41, C major, H I/41 (Allegro con spirito ; Andante Poco ; Menuetto ; Presto) -- Symphony, B♭ major, H I/B2 (Allegro assai ; Andantino ; Presto) -- Symphony, no 20, C major, H I/20 (Allegro molto ; Cantabile Andante ; Menuetto ; Presto).</subfield>
  </datafield>
  <datafield tag="506" ind1="1" ind2=" ">
    <subfield code="a">Use restricted by the terms of the Moravian Music Foundation Research Policies.</subfield>
  </datafield>
  <datafield tag="594" ind1=" " ind2=" ">
    <subfield code="a">ob</subfield>
  </datafield>
  <datafield tag="700" ind1="1" ind2=" ">
    <subfield code="a">Haydn, Michael</subfield>
    <subfield code="d">1737-1806</subfield>
    <subfield code="4">cmp</subfield>
  </datafield>
  <datafield tag="700" ind1="1" ind2=" ">
    <subfield code="a">Haydn, Michael</subfield>
    <subfield code="d">1737-1806</subfield>
    <subfield code="t">Symphonies,</subfield>
    <subfield code="n">MH 82,</subfield>
    <subfield code="r">B♭ major.</subfield>
  </datafield>
  <datafield tag="700" ind1="1" ind2=" ">
    <subfield code="a">Haydn, Joseph</subfield>
    <subfield code="d">1732-1809</subfield>
    <subfield code="t">Symphonies,</subfield>
    <subfield code="n">H. I, 41,</subfield>
    <subfield code="r">C major.</subfield>
  </datafield>
  <datafield tag="700" ind1="1" ind2=" ">
    <subfield code="a">Haydn, Joseph</subfield>
    <subfield code="d">1732-1809</subfield>
    <subfield code="t">Symphonies,</subfield>
    <subfield code="n">H. I/B2,</subfield>
    <subfield code="r">B♭ major.</subfield>
  </datafield>
  <datafield tag="700" ind1="1" ind2=" ">
    <subfield code="a">Haydn, Joseph</subfield>
    <subfield code="d">1732-1809</subfield>
    <subfield code="t">Symphonies,</subfield>
    <subfield code="n">H. I, 20,</subfield>
    <subfield code="r">C major.</subfield>
  </datafield>
  <datafield tag="710" ind1="2" ind2=" ">
    <subfield code="a">Moravian Music Foundation</subfield>
    <subfield code="4">cur</subfield>
  </datafield>
  <datafield tag="710" ind1="2" ind2=" ">
    <subfield code="a">Lititz Collegium Musicum (Lititz, Pa.)</subfield>
    <subfield code="4">fmo</subfield>
  </datafield>
  <datafield tag="730" ind1="0" ind2=" ">
    <subfield code="a">Lititz Collegium Musicum Collection.</subfield>
  </datafield>
  <datafield tag="852" ind1=" " ind2=" ">
    <subfield code="a">US-BETm</subfield>
    <subfield code="p">LCM 29-31 Beth ms</subfield>
  </datafield>
  <datafield tag="994" ind1=" " ind2=" ">
    <subfield code="a">C0</subfield>
    <subfield code="b">MORIA</subfield>
  </datafield>
</record>