<record>
  <leader>01919cdm a2200409Ii 4500</leader>
  <controlfield tag="001">1923024503</controlfield>
  <controlfield tag="003">OCoLC</controlfield>
  <controlfield tag="005">20160706113545.0</controlfield>
  <controlfield tag="007">qu</controlfield>
  <controlfield tag="008">151008s1780    xx syze        n    zxx d</controlfield>
  <datafield tag="031" ind1=" " ind2=" ">
    <subfield code="a">1</subfield>
    <subfield code="b">1</subfield>
    <subfield code="d">Allegro Assai</subfield>
    <subfield code="g">G-2</subfield>
    <subfield code="m">vl</subfield>
    <subfield code="n">xFC</subfield>
    <subfield code="o">c</subfield>
    <subfield code="p">2'D4FA''/DA'''D-/'2D4GB/''DB'''D-/1'D</subfield>
    <subfield code="2">pe</subfield>
  </datafield>
  <datafield tag="031" ind1=" " ind2=" ">
    <subfield code="a">1</subfield>
    <subfield code="b">2</subfield>
    <subfield code="d">Andante Grazioso</subfield>
    <subfield code="g">G-2</subfield>
    <subfield code="m">vl</subfield>
    <subfield code="n">xFC</subfield>
    <subfield code="o">3/4</subfield>
    <subfield code="p">'4AGF/qF2Et4F/{8.G6A}8B-A-/4AGF/E''ED</subfield>
    <subfield code="2">pe</subfield>
  </datafield>
  <datafield tag="031" ind1=" " ind2=" ">
    <subfield code="a">1</subfield>
    <subfield code="b">3</subfield>
    <subfield code="d">Presto</subfield>
    <subfield code="g">G-2</subfield>
    <subfield code="m">vl</subfield>
    <subfield code="n">xFC</subfield>
    <subfield code="o">3/8</subfield>
    <subfield code="p">4'D8''A/4Aq6A{G3FG}/4F8A/4Aq6A{G3FG}/4F</subfield>
    <subfield code="2">pe</subfield>
  </datafield>
  <datafield tag="035" ind1=" " ind2=" ">
    <subfield code="a">(OCoLC)923024503</subfield>
  </datafield>
  <datafield tag="040" ind1=" " ind2=" ">
    <subfield code="a">MORIA</subfield>
    <subfield code="b">eng</subfield>
    <subfield code="c">MORIA</subfield>
    <subfield code="d">OCLCO</subfield>
    <subfield code="d">MORIA</subfield>
    <subfield code="d">OCLCQ</subfield>
    <subfield code="d">MORIA</subfield>
  </datafield>
  <datafield tag="049" ind1=" " ind2=" ">
    <subfield code="a">MORA</subfield>
  </datafield>
  <datafield tag="100" ind1="1" ind2=" ">
    <subfield code="a">Bach, Johann Christian</subfield>
    <subfield code="d">1735-1782</subfield>
    <subfield code="4">cmp</subfield>
  </datafield>
  <datafield tag="240" ind1="1" ind2="0">
    <subfield code="a">Symphonies</subfield>
    <subfield code="n">W.G 27,</subfield>
    <subfield code="r">D major</subfield>
  </datafield>
  <datafield tag="245" ind1="1" ind2="0">
    <subfield code="a">Sinfonia in D♯ à Due Corni Due Oboi Due Violini Viola è Basso /</subfield>
    <subfield code="c">del Sig. Bach à Milano.</subfield>
  </datafield>
  <datafield tag="260" ind1=" " ind2=" ">
    <subfield code="c">[approximately 1780]</subfield>
  </datafield>
  <datafield tag="300" ind1=" " ind2=" ">
    <subfield code="a">9 manuscript parts</subfield>
  </datafield>
  <datafield tag="336" ind1=" " ind2=" ">
    <subfield code="a">notated music</subfield>
    <subfield code="b">ntm</subfield>
    <subfield code="2">rdacontent</subfield>
  </datafield>
  <datafield tag="337" ind1=" " ind2=" ">
    <subfield code="a">unmediated</subfield>
    <subfield code="b">n</subfield>
    <subfield code="2">rdamedia</subfield>
  </datafield>
  <datafield tag="500" ind1=" " ind2=" ">
    <subfield code="a">Allegro assai, Presto..  Pts: Ob I, II; Hn I, II; Vln I, II; Basso.</subfield>
  </datafield>
  <datafield tag="500" ind1=" " ind2=" ">
    <subfield code="a">Andante grazsioso.  Pts: Fl I, II; Ob I (Tacet), II (Tacet); Hn I, II; Vln I, II; Basso.</subfield>
  </datafield>
  <datafield tag="500" ind1=" " ind2=" ">
    <subfield code="a">Title page: No. 32. Sinfonia in D♯  à  Due Corni  Due Oboi  Due Violini  Viola  è  Basso  del  Sig. Bach  à  Milano  [first movement incipit]  Dem Col. Mus zu Litiz gehörig.  d. 30. Jan. 1784.</subfield>
  </datafield>
  <datafield tag="500" ind1=" " ind2=" ">
    <subfield code="a">All pts copied by Johann Friedrich Peter.</subfield>
  </datafield>
  <datafield tag="505" ind1="0" ind2=" ">
    <subfield code="a">Allegro assai -- Andante grazsioso -- Presto.</subfield>
  </datafield>
  <datafield tag="506" ind1="1" ind2=" ">
    <subfield code="a">Use restricted by the terms of the Moravian Music Foundation Research Policies.</subfield>
  </datafield>
  <datafield tag="594" ind1=" " ind2=" ">
    <subfield code="a">ob</subfield>
  </datafield>
  <datafield tag="700" ind1="1" ind2=" ">
    <subfield code="a">Peter, Johann Friedrich</subfield>
    <subfield code="d">1746-1813</subfield>
    <subfield code="4">mcp</subfield>
  </datafield>
  <datafield tag="710" ind1="2" ind2=" ">
    <subfield code="a">Moravian Music Foundation</subfield>
    <subfield code="4">cur</subfield>
  </datafield>
  <datafield tag="710" ind1="2" ind2=" ">
    <subfield code="a">Lititz Collegium Musicum (Lititz, Pa.)</subfield>
    <subfield code="4">fmo</subfield>
  </datafield>
  <datafield tag="730" ind1="0" ind2=" ">
    <subfield code="a">Lititz Collegium Musicum Collection.</subfield>
  </datafield>
  <datafield tag="852" ind1=" " ind2=" ">
    <subfield code="a">US-BETm</subfield>
    <subfield code="p">LCM 32 Beth ms</subfield>
  </datafield>
  <datafield tag="994" ind1=" " ind2=" ">
    <subfield code="a">C0</subfield>
    <subfield code="b">MORIA</subfield>
  </datafield>
</record>