<record>
  <leader>02986cdm a2200565Ii 4500</leader>
  <controlfield tag="001">1923024827</controlfield>
  <controlfield tag="003">OCoLC</controlfield>
  <controlfield tag="005">20160706113545.0</controlfield>
  <controlfield tag="007">qu</controlfield>
  <controlfield tag="008">151008q17551825xx syze        n    zxx d</controlfield>
  <datafield tag="031" ind1=" " ind2=" ">
    <subfield code="a">1</subfield>
    <subfield code="b">1</subfield>
    <subfield code="d">Allegro</subfield>
    <subfield code="g">G-2</subfield>
    <subfield code="m">vl</subfield>
    <subfield code="n">xFC</subfield>
    <subfield code="o">c</subfield>
    <subfield code="p">''2D'4.D8D/2.D8-3{GFED}/2A4-8-3{GFED}/2,A4-8-{6A3B'C}/1D</subfield>
    <subfield code="2">pe</subfield>
  </datafield>
  <datafield tag="031" ind1=" " ind2=" ">
    <subfield code="a">1</subfield>
    <subfield code="b">2</subfield>
    <subfield code="d">Andante</subfield>
    <subfield code="g">G-2</subfield>
    <subfield code="m">vl</subfield>
    <subfield code="n">xFCG</subfield>
    <subfield code="o">2/4</subfield>
    <subfield code="p">6'A/{8.''E6C}{'AAAA}/qxA8B-{6''D3DC}6&amp;#xde;/8.{F6D}{'BBBB}/q8xB4''C'A</subfield>
    <subfield code="2">pe</subfield>
  </datafield>
  <datafield tag="031" ind1=" " ind2=" ">
    <subfield code="a">1</subfield>
    <subfield code="b">3</subfield>
    <subfield code="d">Rondo Allegro</subfield>
    <subfield code="g">G-2</subfield>
    <subfield code="m">vl</subfield>
    <subfield code="n">xFC</subfield>
    <subfield code="o">2/4</subfield>
    <subfield code="p">8'A/F4F8F/A4A8''D/'F4F8G/4A8-''D/4E</subfield>
    <subfield code="2">pe</subfield>
  </datafield>
  <datafield tag="031" ind1=" " ind2=" ">
    <subfield code="a">2</subfield>
    <subfield code="b">1</subfield>
    <subfield code="d">Allegro</subfield>
    <subfield code="g">G-2</subfield>
    <subfield code="m">vl</subfield>
    <subfield code="n">bBEA</subfield>
    <subfield code="o">3/4</subfield>
    <subfield code="p">{'8.B6B}/''4E-{'8.B6B}/4G-{'8.E6E}/4G8{EBGE}/4B</subfield>
    <subfield code="2">pe</subfield>
  </datafield>
  <datafield tag="031" ind1=" " ind2=" ">
    <subfield code="a">2</subfield>
    <subfield code="b">2</subfield>
    <subfield code="d">Andante</subfield>
    <subfield code="g">G-2</subfield>
    <subfield code="m">vl</subfield>
    <subfield code="n">bBE</subfield>
    <subfield code="o">2/4</subfield>
    <subfield code="p">''6F/{8F3GF}{8B6-D}/{8.F6E}{8D6-'B}/{8.B''6B}{6.F3B6.D3F}/6qF8{ED}-</subfield>
    <subfield code="2">pe</subfield>
  </datafield>
  <datafield tag="031" ind1=" " ind2=" ">
    <subfield code="a">2</subfield>
    <subfield code="b">3</subfield>
    <subfield code="d">Presto</subfield>
    <subfield code="g">G-2</subfield>
    <subfield code="m">vl</subfield>
    <subfield code="n">bBEA</subfield>
    <subfield code="o">2/4</subfield>
    <subfield code="p">4.'E,8B/{'E,B'E,B}/{'E,B'EG}/4E8-,B/{6'GF8E}{EE}/4B</subfield>
    <subfield code="2">pe</subfield>
  </datafield>
  <datafield tag="031" ind1=" " ind2=" ">
    <subfield code="a">3</subfield>
    <subfield code="b">1</subfield>
    <subfield code="d">Adagio</subfield>
    <subfield code="g">G-2</subfield>
    <subfield code="m">vl</subfield>
    <subfield code="o">c</subfield>
    <subfield code="p">'4C6-{,GAB}'4C8-6-E/4.E{6FE}4DE/EF2-</subfield>
    <subfield code="r">C</subfield>
    <subfield code="2">pe</subfield>
  </datafield>
  <datafield tag="031" ind1=" " ind2=" ">
    <subfield code="a">3</subfield>
    <subfield code="b">2</subfield>
    <subfield code="d">Andante</subfield>
    <subfield code="g">G-2</subfield>
    <subfield code="m">vl</subfield>
    <subfield code="n">bB</subfield>
    <subfield code="o">2/4</subfield>
    <subfield code="p">'{6AB}/8''&amp;#xcc;6-{CCD}/{C'nB8bB}-{6GA}/8''&amp;#xcc;6-{CCD}/qC{'BA8A}-</subfield>
    <subfield code="2">pe</subfield>
  </datafield>
  <datafield tag="031" ind1=" " ind2=" ">
    <subfield code="a">3</subfield>
    <subfield code="b">3</subfield>
    <subfield code="d">Prestissimo</subfield>
    <subfield code="g">G-2</subfield>
    <subfield code="m">vl</subfield>
    <subfield code="o">6/8</subfield>
    <subfield code="p">4.888{CEFE}/{CEFE}/8{DFE}{FED}/4C,8G'4D,8G/4'E</subfield>
    <subfield code="r">C</subfield>
    <subfield code="2">pe</subfield>
  </datafield>
  <datafield tag="035" ind1=" " ind2=" ">
    <subfield code="a">(OCoLC)923024827</subfield>
  </datafield>
  <datafield tag="040" ind1=" " ind2=" ">
    <subfield code="a">MORIA</subfield>
    <subfield code="b">eng</subfield>
    <subfield code="c">MORIA</subfield>
    <subfield code="d">OCLCO</subfield>
    <subfield code="d">MORIA</subfield>
    <subfield code="d">OCLCQ</subfield>
    <subfield code="d">MORIA</subfield>
  </datafield>
  <datafield tag="049" ind1=" " ind2=" ">
    <subfield code="a">MORA</subfield>
  </datafield>
  <datafield tag="100" ind1="1" ind2=" ">
    <subfield code="a">Eichmann, Bernhard</subfield>
    <subfield code="d">c1755-</subfield>
    <subfield code="4">cmp</subfield>
  </datafield>
  <datafield tag="240" ind1="1" ind2="0">
    <subfield code="a">Symphonies</subfield>
    <subfield code="n">op. 1.</subfield>
    <subfield code="n">No. 1-3</subfield>
  </datafield>
  <datafield tag="245" ind1="1" ind2="0">
    <subfield code="a">Trois Simphonies, Oeuvre I /</subfield>
    <subfield code="c">di B. Eichmann.</subfield>
  </datafield>
  <datafield tag="246" ind1="1" ind2="6">
    <subfield code="a">Simphonia</subfield>
  </datafield>
  <datafield tag="246" ind1="1" ind2="6">
    <subfield code="a">Sinfonia</subfield>
  </datafield>
  <datafield tag="260" ind1=" " ind2=" ">
    <subfield code="c">[between 1755 and 1825?]</subfield>
  </datafield>
  <datafield tag="300" ind1=" " ind2=" ">
    <subfield code="a">9 manuscript parts ;</subfield>
    <subfield code="c">32 cm</subfield>
  </datafield>
  <datafield tag="336" ind1=" " ind2=" ">
    <subfield code="a">notated music</subfield>
    <subfield code="b">ntm</subfield>
    <subfield code="2">rdacontent</subfield>
  </datafield>
  <datafield tag="337" ind1=" " ind2=" ">
    <subfield code="a">unmediated</subfield>
    <subfield code="b">n</subfield>
    <subfield code="2">rdamedia</subfield>
  </datafield>
  <datafield tag="500" ind1=" " ind2=" ">
    <subfield code="a">TItle page: J. Fr. Peter.  No. 20. 21. 22  Trois  Simphonies  di  B. Eichmann Oeuvre I.</subfield>
  </datafield>
  <datafield tag="500" ind1=" " ind2=" ">
    <subfield code="a">All pts copied by Johann Friedrich Peter.</subfield>
  </datafield>
  <datafield tag="500" ind1=" " ind2=" ">
    <subfield code="a">LCM 20-21. Pts: Vln I, II; Vla; Basso. Tacet: Fl or Ob I, II; Hn I, II. Andante.</subfield>
  </datafield>
  <datafield tag="500" ind1=" " ind2=" ">
    <subfield code="a">LCM 22. Pts: Fl or Ob I, II; Hn I, II; Vln I, II; Vla; Basso.</subfield>
  </datafield>
  <datafield tag="500" ind1=" " ind2=" ">
    <subfield code="a">Caption: Sinfonia I, II, or III</subfield>
  </datafield>
  <datafield tag="500" ind1=" " ind2=" ">
    <subfield code="a">See also PSB 1402.</subfield>
    <subfield code="5">NcWsMM</subfield>
  </datafield>
  <datafield tag="505" ind1="0" ind2=" ">
    <subfield code="a">LCM 20. Symphony, op 1, no 1, D major (Allegro ; Andante ; Rondo Allegro) -- LCM 21. Symphony, op 1, no 2, E♭ major (Allegro ; Andante ; Presto) -- LCM 22. Symphony, op 1, no 3, C major (Adagio ; Andante ; Prestissimo).</subfield>
  </datafield>
  <datafield tag="506" ind1="1" ind2=" ">
    <subfield code="a">Use restricted by the terms of the Moravian Music Foundation Research Policies.</subfield>
  </datafield>
  <datafield tag="594" ind1=" " ind2=" ">
    <subfield code="a">ob</subfield>
  </datafield>
  <datafield tag="700" ind1="1" ind2=" ">
    <subfield code="a">Peter, Johann Friedrich</subfield>
    <subfield code="d">1746-1813</subfield>
    <subfield code="4">mcp</subfield>
  </datafield>
  <datafield tag="700" ind1="1" ind2=" ">
    <subfield code="a">Eichmann, Bernhard</subfield>
    <subfield code="d">c1755-</subfield>
    <subfield code="t">Symphonies,</subfield>
    <subfield code="n">op. 1, no. 1,</subfield>
    <subfield code="r">D major.</subfield>
  </datafield>
  <datafield tag="700" ind1="1" ind2=" ">
    <subfield code="a">Eichmann, Bernhard</subfield>
    <subfield code="d">c1755-</subfield>
    <subfield code="t">Symphonies,</subfield>
    <subfield code="n">op. 1, no. 2,</subfield>
    <subfield code="r">E♭ major.</subfield>
  </datafield>
  <datafield tag="700" ind1="1" ind2=" ">
    <subfield code="a">Eichmann, Bernhard</subfield>
    <subfield code="d">c1755-</subfield>
    <subfield code="t">Symphonies,</subfield>
    <subfield code="n">op. 1, no. 3,</subfield>
    <subfield code="r">C major.</subfield>
  </datafield>
  <datafield tag="710" ind1="2" ind2=" ">
    <subfield code="a">Moravian Music Foundation</subfield>
    <subfield code="4">cur</subfield>
  </datafield>
  <datafield tag="710" ind1="2" ind2=" ">
    <subfield code="a">Lititz Collegium Musicum (Lititz, Pa.)</subfield>
    <subfield code="4">fmo</subfield>
  </datafield>
  <datafield tag="730" ind1="0" ind2=" ">
    <subfield code="a">Lititz Collegium Musicum Collection.</subfield>
  </datafield>
  <datafield tag="852" ind1=" " ind2=" ">
    <subfield code="a">US-BETm</subfield>
    <subfield code="p">LCM 20-22 Beth ms</subfield>
  </datafield>
  <datafield tag="994" ind1=" " ind2=" ">
    <subfield code="a">C0</subfield>
    <subfield code="b">MORIA</subfield>
  </datafield>
</record>