<record>
  <leader>01976cdm a2200421Ii 4500</leader>
  <controlfield tag="001">1923024893</controlfield>
  <controlfield tag="003">OCoLC</controlfield>
  <controlfield tag="005">20160706113545.0</controlfield>
  <controlfield tag="007">qu</controlfield>
  <controlfield tag="008">151008q17641791xx dvze        n    zxx d</controlfield>
  <datafield tag="031" ind1=" " ind2=" ">
    <subfield code="a">1</subfield>
    <subfield code="b">1</subfield>
    <subfield code="d">Allegro molto</subfield>
    <subfield code="g">G-2</subfield>
    <subfield code="m">vl</subfield>
    <subfield code="n">xF</subfield>
    <subfield code="o">6/8</subfield>
    <subfield code="p">48''GDBG/8'''{D''BG}{D'BG}/4A3{AB8''C}{'B''D'G}/4A3{AB8''C}'B-G/4F</subfield>
    <subfield code="2">pe</subfield>
  </datafield>
  <datafield tag="031" ind1=" " ind2=" ">
    <subfield code="a">1</subfield>
    <subfield code="b">2</subfield>
    <subfield code="d">Menuet (2nd mvt)</subfield>
    <subfield code="g">G-2</subfield>
    <subfield code="m">vl</subfield>
    <subfield code="n">xF</subfield>
    <subfield code="o">3/4</subfield>
    <subfield code="p">''2D8'B-/''2C8'A-/4B''8{GFED}/2C8'A-/''2D8'B-</subfield>
    <subfield code="2">pe</subfield>
  </datafield>
  <datafield tag="031" ind1=" " ind2=" ">
    <subfield code="a">1</subfield>
    <subfield code="b">3</subfield>
    <subfield code="d">Adagio</subfield>
    <subfield code="g">G-2</subfield>
    <subfield code="m">vl</subfield>
    <subfield code="o">c</subfield>
    <subfield code="p">1''G/6{G'''C8C}{6C''BGE}{8.F3GA}8G-E-/'8.6{B''C}3{DEDE}6&amp;#xff;{8FE}{8.6GC}/4'B</subfield>
    <subfield code="r">C</subfield>
    <subfield code="2">pe</subfield>
  </datafield>
  <datafield tag="031" ind1=" " ind2=" ">
    <subfield code="a">1</subfield>
    <subfield code="b">4</subfield>
    <subfield code="d">Menuet (4th mvt)</subfield>
    <subfield code="g">G-2</subfield>
    <subfield code="m">vl</subfield>
    <subfield code="n">xF</subfield>
    <subfield code="o">3/4</subfield>
    <subfield code="p">2''G(8{BGD})/4C'B-''(8{BGD})/4C'B-/1''A</subfield>
    <subfield code="2">pe</subfield>
  </datafield>
  <datafield tag="031" ind1=" " ind2=" ">
    <subfield code="a">1</subfield>
    <subfield code="b">5</subfield>
    <subfield code="d">Finale Presto</subfield>
    <subfield code="g">G-2</subfield>
    <subfield code="m">vl</subfield>
    <subfield code="n">xF</subfield>
    <subfield code="o">2/4</subfield>
    <subfield code="p">,6{B'DGD}{,B'DCD}/{,B'D,A'D}{,G'D,A'D}/,6{B'DGD}{,B'DCD}/,4B</subfield>
    <subfield code="2">pe</subfield>
  </datafield>
  <datafield tag="035" ind1=" " ind2=" ">
    <subfield code="a">(OCoLC)923024893</subfield>
  </datafield>
  <datafield tag="040" ind1=" " ind2=" ">
    <subfield code="a">MORIA</subfield>
    <subfield code="b">eng</subfield>
    <subfield code="c">MORIA</subfield>
    <subfield code="d">OCLCO</subfield>
    <subfield code="d">MORIA</subfield>
    <subfield code="d">OCLCQ</subfield>
    <subfield code="d">MORIA</subfield>
  </datafield>
  <datafield tag="049" ind1=" " ind2=" ">
    <subfield code="a">MORA</subfield>
  </datafield>
  <datafield tag="100" ind1="1" ind2=" ">
    <subfield code="a">Haydn, Joseph</subfield>
    <subfield code="d">1732-1809</subfield>
    <subfield code="4">cmp</subfield>
  </datafield>
  <datafield tag="240" ind1="1" ind2="0">
    <subfield code="a">Divertimenti</subfield>
    <subfield code="n">H. II, 9,</subfield>
    <subfield code="r">G major</subfield>
  </datafield>
  <datafield tag="245" ind1="1" ind2="0">
    <subfield code="a">Cassatio :</subfield>
    <subfield code="b">a Due Violini Due Violae Violoncello /</subfield>
    <subfield code="c">di Haydn.</subfield>
  </datafield>
  <datafield tag="260" ind1=" " ind2=" ">
    <subfield code="c">[between 1764 and 1791]</subfield>
  </datafield>
  <datafield tag="300" ind1=" " ind2=" ">
    <subfield code="a">5 manuscript parts</subfield>
  </datafield>
  <datafield tag="336" ind1=" " ind2=" ">
    <subfield code="a">notated music</subfield>
    <subfield code="b">ntm</subfield>
    <subfield code="2">rdacontent</subfield>
  </datafield>
  <datafield tag="337" ind1=" " ind2=" ">
    <subfield code="a">unmediated</subfield>
    <subfield code="b">n</subfield>
    <subfield code="2">rdamedia</subfield>
  </datafield>
  <datafield tag="500" ind1=" " ind2=" ">
    <subfield code="a">Pts: Vln I, II; Vla I, II; Basso.</subfield>
  </datafield>
  <datafield tag="500" ind1=" " ind2=" ">
    <subfield code="a">Title page: No. 70 / Cassatio di Haydn / a / Due Violini / Due Violae / Violoncello. Dem Coll. mus: in Litiz / gehörig / 1791. Bottom: Fr. Früauff.</subfield>
  </datafield>
  <datafield tag="505" ind1="0" ind2=" ">
    <subfield code="a">Allegro molto -- Menuet -- Adagio -- Menuet -- Finale Presto.</subfield>
  </datafield>
  <datafield tag="506" ind1="1" ind2=" ">
    <subfield code="a">Use restricted by the terms of the Moravian Music Foundation Research Policies.</subfield>
  </datafield>
  <datafield tag="594" ind1=" " ind2=" ">
    <subfield code="a">sa02</subfield>
    <subfield code="a">sb02</subfield>
    <subfield code="a">sc01</subfield>
  </datafield>
  <datafield tag="700" ind1="1" ind2=" ">
    <subfield code="a">Früauff, Johann Friedrich</subfield>
    <subfield code="d">1762-1839</subfield>
  </datafield>
  <datafield tag="710" ind1="2" ind2=" ">
    <subfield code="a">Moravian Music Foundation</subfield>
    <subfield code="4">cur</subfield>
  </datafield>
  <datafield tag="710" ind1="2" ind2=" ">
    <subfield code="a">Lititz Collegium Musicum (Lititz, Pa.)</subfield>
    <subfield code="4">fmo</subfield>
  </datafield>
  <datafield tag="730" ind1="0" ind2=" ">
    <subfield code="a">Lititz Collegium Musicum Collection.</subfield>
  </datafield>
  <datafield tag="852" ind1=" " ind2=" ">
    <subfield code="a">US-BETm</subfield>
    <subfield code="p">LCM 70 Beth ms</subfield>
  </datafield>
  <datafield tag="994" ind1=" " ind2=" ">
    <subfield code="a">C0</subfield>
    <subfield code="b">MORIA</subfield>
  </datafield>
</record>