<record>
  <leader>02125cdm a2200433Ii 4500</leader>
  <controlfield tag="001">1923024932</controlfield>
  <controlfield tag="003">OCoLC</controlfield>
  <controlfield tag="005">20160706113545.0</controlfield>
  <controlfield tag="007">qu</controlfield>
  <controlfield tag="008">151008s1791    xx dvze        n    zxx d</controlfield>
  <datafield tag="031" ind1=" " ind2=" ">
    <subfield code="a">1</subfield>
    <subfield code="b">1</subfield>
    <subfield code="d">Presto (1st mvt)</subfield>
    <subfield code="g">G-2</subfield>
    <subfield code="m">vl</subfield>
    <subfield code="n">xFC</subfield>
    <subfield code="o">3/8</subfield>
    <subfield code="p">8'{DFF}/{EGG}/{GBB}/A--/4D</subfield>
    <subfield code="2">pe</subfield>
  </datafield>
  <datafield tag="031" ind1=" " ind2=" ">
    <subfield code="a">1</subfield>
    <subfield code="b">2</subfield>
    <subfield code="d">Menuet Altern. (2nd mvt)</subfield>
    <subfield code="g">G-2</subfield>
    <subfield code="m">vl</subfield>
    <subfield code="n">xFC</subfield>
    <subfield code="o">3/4</subfield>
    <subfield code="p">2''A8F-/{BGE}---/&amp;#xdc;4C8-''G/4GF-</subfield>
    <subfield code="2">pe</subfield>
  </datafield>
  <datafield tag="031" ind1=" " ind2=" ">
    <subfield code="a">1</subfield>
    <subfield code="b">3</subfield>
    <subfield code="d">Adagio</subfield>
    <subfield code="g">G-2</subfield>
    <subfield code="m">vl</subfield>
    <subfield code="n">xF</subfield>
    <subfield code="o">c</subfield>
    <subfield code="p">2''D4GB/'''D2D6{C''BAG}/qG4F2F4F6/qA{8G6FE}2D6{C'BAG}/qG4FF</subfield>
    <subfield code="2">pe</subfield>
  </datafield>
  <datafield tag="031" ind1=" " ind2=" ">
    <subfield code="a">1</subfield>
    <subfield code="b">4</subfield>
    <subfield code="d">Menuet Altern. (4th mvt)</subfield>
    <subfield code="g">G-2</subfield>
    <subfield code="m">vl</subfield>
    <subfield code="n">xFC</subfield>
    <subfield code="o">3/4</subfield>
    <subfield code="p">''8&amp;#xdf;/4AAB/GGE/8{DC'BAB''C}/1D</subfield>
    <subfield code="2">pe</subfield>
  </datafield>
  <datafield tag="031" ind1=" " ind2=" ">
    <subfield code="a">1</subfield>
    <subfield code="b">5</subfield>
    <subfield code="d">Presto (5th mvt)</subfield>
    <subfield code="g">G-2</subfield>
    <subfield code="m">vl</subfield>
    <subfield code="n">xFC</subfield>
    <subfield code="o">2/4</subfield>
    <subfield code="p">'8A/{6''D'AGA}{FAEA}/{DFA''D}{FAGF}/{EGBA}{GFED}/4C</subfield>
    <subfield code="2">pe</subfield>
  </datafield>
  <datafield tag="035" ind1=" " ind2=" ">
    <subfield code="a">(OCoLC)923024932</subfield>
  </datafield>
  <datafield tag="040" ind1=" " ind2=" ">
    <subfield code="a">MORIA</subfield>
    <subfield code="b">eng</subfield>
    <subfield code="c">MORIA</subfield>
    <subfield code="d">OCLCO</subfield>
    <subfield code="d">OCLCF</subfield>
    <subfield code="d">MORIA</subfield>
    <subfield code="d">OCLCQ</subfield>
    <subfield code="d">MORIA</subfield>
  </datafield>
  <datafield tag="049" ind1=" " ind2=" ">
    <subfield code="a">MORA</subfield>
  </datafield>
  <datafield tag="100" ind1="1" ind2=" ">
    <subfield code="a">Haydn, Joseph</subfield>
    <subfield code="d">1732-1809</subfield>
    <subfield code="4">cmp</subfield>
  </datafield>
  <datafield tag="240" ind1="1" ind2="0">
    <subfield code="a">Divertimenti</subfield>
    <subfield code="n">H. II, 22,</subfield>
    <subfield code="r">D major;</subfield>
    <subfield code="o">arranged</subfield>
  </datafield>
  <datafield tag="245" ind1="1" ind2="0">
    <subfield code="a">Quatuor :</subfield>
    <subfield code="b">Due Violini, Viola, Violoncello /</subfield>
    <subfield code="c">di Haydn.</subfield>
  </datafield>
  <datafield tag="260" ind1=" " ind2=" ">
    <subfield code="c">[between 1765 and 1791]</subfield>
  </datafield>
  <datafield tag="300" ind1=" " ind2=" ">
    <subfield code="a">4 manuscript parts ;</subfield>
    <subfield code="c">34 cm</subfield>
  </datafield>
  <datafield tag="336" ind1=" " ind2=" ">
    <subfield code="a">notated music</subfield>
    <subfield code="b">ntm</subfield>
    <subfield code="2">rdacontent</subfield>
  </datafield>
  <datafield tag="337" ind1=" " ind2=" ">
    <subfield code="a">unmediated</subfield>
    <subfield code="b">n</subfield>
    <subfield code="2">rdamedia</subfield>
  </datafield>
  <datafield tag="500" ind1=" " ind2=" ">
    <subfield code="a">Pts: Vln I, II; Vla; Basso.</subfield>
  </datafield>
  <datafield tag="500" ind1=" " ind2=" ">
    <subfield code="a">Title page: No. 67. / Quatuor di Haydn. / Due Violini / Viola / Violoncello / Dem Coll. mus: / zu Litiz gehörig / 1791. Front, basso, bottom: F Früauff. [Johann Friedrich Früaff].</subfield>
  </datafield>
  <datafield tag="500" ind1=" " ind2=" ">
    <subfield code="a">Quartet in D major, Op. 2, No. 5, (arrangement of Cassation in D major, Hob. II:22), Hoboken No. III:11.</subfield>
  </datafield>
  <datafield tag="505" ind1="0" ind2=" ">
    <subfield code="a">Presto -- Menuet Altern -- Adagio -- Menuet Altern -- Presto.</subfield>
  </datafield>
  <datafield tag="506" ind1="1" ind2=" ">
    <subfield code="a">Use restricted by the terms of the Moravian Music Foundation Research Policies.</subfield>
  </datafield>
  <datafield tag="594" ind1=" " ind2=" ">
    <subfield code="a">sa02</subfield>
    <subfield code="a">sb01</subfield>
    <subfield code="a">sc01</subfield>
  </datafield>
  <datafield tag="700" ind1="1" ind2=" ">
    <subfield code="a">Früauff, Johann Friedrich</subfield>
    <subfield code="d">1762-1839</subfield>
    <subfield code="4">mcp</subfield>
  </datafield>
  <datafield tag="710" ind1="2" ind2=" ">
    <subfield code="a">Moravian Music Foundation</subfield>
    <subfield code="4">cur</subfield>
  </datafield>
  <datafield tag="710" ind1="2" ind2=" ">
    <subfield code="a">Lititz Collegium Musicum (Lititz, Pa.)</subfield>
    <subfield code="4">fmo</subfield>
  </datafield>
  <datafield tag="730" ind1="0" ind2=" ">
    <subfield code="a">Lititz Collegium Musicum Collection.</subfield>
  </datafield>
  <datafield tag="852" ind1=" " ind2=" ">
    <subfield code="a">US-BETm</subfield>
    <subfield code="p">LCM 67 Beth ms</subfield>
  </datafield>
  <datafield tag="994" ind1=" " ind2=" ">
    <subfield code="a">C0</subfield>
    <subfield code="b">MORIA</subfield>
  </datafield>
</record>