<record>
  <leader>02306cdm a2200469Ii 4500</leader>
  <controlfield tag="001">1923024939</controlfield>
  <controlfield tag="003">OCoLC</controlfield>
  <controlfield tag="005">20160706113545.0</controlfield>
  <controlfield tag="007">qu</controlfield>
  <controlfield tag="008">151008s1769    xx suze        n    zxx d</controlfield>
  <datafield tag="031" ind1=" " ind2=" ">
    <subfield code="a">1</subfield>
    <subfield code="b">1</subfield>
    <subfield code="d">Adagio</subfield>
    <subfield code="g">G-2</subfield>
    <subfield code="m">vl</subfield>
    <subfield code="n">bBE</subfield>
    <subfield code="o">2/4</subfield>
    <subfield code="p">8.6{''FB}8{FE}/{D'BBB}/{8.''Ct3EG}8'{BAt}/4B</subfield>
    <subfield code="2">pe</subfield>
  </datafield>
  <datafield tag="031" ind1=" " ind2=" ">
    <subfield code="a">1</subfield>
    <subfield code="b">2</subfield>
    <subfield code="d">Menuet Altern(2nd mvt)</subfield>
    <subfield code="g">G-2</subfield>
    <subfield code="m">vl</subfield>
    <subfield code="n">bBE</subfield>
    <subfield code="o">3/4</subfield>
    <subfield code="p">2.'B/4qA''2.E/8&amp;#xdf;8.6{BAGF}/q4F2E4D'/F</subfield>
    <subfield code="2">pe</subfield>
  </datafield>
  <datafield tag="031" ind1=" " ind2=" ">
    <subfield code="a">1</subfield>
    <subfield code="b">3</subfield>
    <subfield code="d">Presto</subfield>
    <subfield code="g">G-2</subfield>
    <subfield code="m">vl</subfield>
    <subfield code="n">bBEA</subfield>
    <subfield code="o">2/4</subfield>
    <subfield code="p">8'B/{''EGB'''E}/4''B8{GE}/{DFA'A}/4A</subfield>
    <subfield code="2">pe</subfield>
  </datafield>
  <datafield tag="031" ind1=" " ind2=" ">
    <subfield code="a">1</subfield>
    <subfield code="b">4</subfield>
    <subfield code="d">Menuet Altern(4th mvt)</subfield>
    <subfield code="g">G-2</subfield>
    <subfield code="m">vl</subfield>
    <subfield code="n">bBE</subfield>
    <subfield code="o">3/4</subfield>
    <subfield code="p">''4FFG/qF2E4C/DDE/qD2C4'F/B</subfield>
    <subfield code="2">pe</subfield>
  </datafield>
  <datafield tag="031" ind1=" " ind2=" ">
    <subfield code="a">1</subfield>
    <subfield code="b">5</subfield>
    <subfield code="d">Finale Presto</subfield>
    <subfield code="g">G-2</subfield>
    <subfield code="m">vl</subfield>
    <subfield code="n">bBE</subfield>
    <subfield code="o">3/8</subfield>
    <subfield code="p">6'{DFB''DCE}/{D'BAGFE}/{DFB''DCE}/8D-</subfield>
    <subfield code="2">pe</subfield>
  </datafield>
  <datafield tag="035" ind1=" " ind2=" ">
    <subfield code="a">(OCoLC)923024939</subfield>
  </datafield>
  <datafield tag="040" ind1=" " ind2=" ">
    <subfield code="a">MORIA</subfield>
    <subfield code="b">eng</subfield>
    <subfield code="c">MORIA</subfield>
    <subfield code="d">OCLCO</subfield>
    <subfield code="d">OCLCF</subfield>
    <subfield code="d">MORIA</subfield>
    <subfield code="d">OCLCQ</subfield>
    <subfield code="d">MORIA</subfield>
  </datafield>
  <datafield tag="049" ind1=" " ind2=" ">
    <subfield code="a">MORA</subfield>
  </datafield>
  <datafield tag="100" ind1="1" ind2=" ">
    <subfield code="a">Haydn, Joseph</subfield>
    <subfield code="d">1732-1809</subfield>
    <subfield code="4">cmp</subfield>
  </datafield>
  <datafield tag="240" ind1="1" ind2="0">
    <subfield code="a">Quartets</subfield>
    <subfield code="m">violins (2), viola, cello,</subfield>
    <subfield code="n">H. III, 12,</subfield>
    <subfield code="r">B♭ major</subfield>
  </datafield>
  <datafield tag="245" ind1="1" ind2="0">
    <subfield code="a">Notturno a Violino primo, Violino Secondo, Viola obligato, e Basso /</subfield>
    <subfield code="c">Del Sig: Giuseppe Hayden.</subfield>
  </datafield>
  <datafield tag="260" ind1=" " ind2=" ">
    <subfield code="c">[approximately 1769]</subfield>
  </datafield>
  <datafield tag="300" ind1=" " ind2=" ">
    <subfield code="a">4 manuscript parts ;</subfield>
    <subfield code="c">33 cm</subfield>
  </datafield>
  <datafield tag="336" ind1=" " ind2=" ">
    <subfield code="a">notated music</subfield>
    <subfield code="b">ntm</subfield>
    <subfield code="2">rdacontent</subfield>
  </datafield>
  <datafield tag="337" ind1=" " ind2=" ">
    <subfield code="a">unmediated</subfield>
    <subfield code="b">n</subfield>
    <subfield code="2">rdamedia</subfield>
  </datafield>
  <datafield tag="500" ind1=" " ind2=" ">
    <subfield code="a">Pts: Vln I, II; Vla; Basso.</subfield>
  </datafield>
  <datafield tag="500" ind1=" " ind2=" ">
    <subfield code="a">Title page: No. 71 [originally 72 changed to 71]  Notturno a  Violino primo  Violino Secondo  Viola obligato  e  Basso  Del Sig: Giuseppe Hayden.  [first movement incipit]   [Another hand:] Litiz.</subfield>
  </datafield>
  <datafield tag="500" ind1=" " ind2=" ">
    <subfield code="a">All pts copied by John Antes.</subfield>
  </datafield>
  <datafield tag="500" ind1=" " ind2=" ">
    <subfield code="a">Date from Hoboken, Joseph Haydn thematisch-bibliographisches Werkverzeichnis, v. 1, p. 375.</subfield>
  </datafield>
  <datafield tag="505" ind1="0" ind2=" ">
    <subfield code="a">Adagio -- Men[uet] Altern -- Presto -- Men[uet] Altern -- Finale Presto.</subfield>
  </datafield>
  <datafield tag="506" ind1="1" ind2=" ">
    <subfield code="a">Use restricted by the terms of the Moravian Music Foundation Research Policies.</subfield>
  </datafield>
  <datafield tag="594" ind1=" " ind2=" ">
    <subfield code="a">sa02</subfield>
    <subfield code="a">sb01</subfield>
    <subfield code="a">sc01</subfield>
  </datafield>
  <datafield tag="700" ind1="1" ind2=" ">
    <subfield code="a">Antes, John</subfield>
    <subfield code="4">mcp</subfield>
  </datafield>
  <datafield tag="710" ind1="2" ind2=" ">
    <subfield code="a">Moravian Music Foundation</subfield>
    <subfield code="4">cur</subfield>
  </datafield>
  <datafield tag="710" ind1="2" ind2=" ">
    <subfield code="a">Lititz Collegium Musicum (Lititz, Pa.)</subfield>
    <subfield code="4">fmo</subfield>
  </datafield>
  <datafield tag="730" ind1="0" ind2=" ">
    <subfield code="a">Lititz Collegium Musicum Collection.</subfield>
  </datafield>
  <datafield tag="852" ind1=" " ind2=" ">
    <subfield code="a">US-BETm</subfield>
    <subfield code="p">LCM 71 Beth ms</subfield>
  </datafield>
  <datafield tag="994" ind1=" " ind2=" ">
    <subfield code="a">C0</subfield>
    <subfield code="b">MORIA</subfield>
  </datafield>
</record>