<record>
  <leader>02972cdm a2200529Ii 4500</leader>
  <controlfield tag="001">1923024943</controlfield>
  <controlfield tag="003">OCoLC</controlfield>
  <controlfield tag="005">20160706113545.0</controlfield>
  <controlfield tag="007">qu</controlfield>
  <controlfield tag="008">151008q17841827xx suze        n    zxx d</controlfield>
  <datafield tag="031" ind1=" " ind2=" ">
    <subfield code="a">1</subfield>
    <subfield code="b">1</subfield>
    <subfield code="d">Allegro</subfield>
    <subfield code="g">G-2</subfield>
    <subfield code="m">cl</subfield>
    <subfield code="n">bBEA</subfield>
    <subfield code="o">3/4</subfield>
    <subfield code="p">2.''E/4EGF/EDC/2.'B/4B''ED/C'BA/1G</subfield>
    <subfield code="2">pe</subfield>
  </datafield>
  <datafield tag="031" ind1=" " ind2=" ">
    <subfield code="a">1</subfield>
    <subfield code="b">2</subfield>
    <subfield code="d">Andante</subfield>
    <subfield code="g">G-2</subfield>
    <subfield code="m">cl</subfield>
    <subfield code="n">bBEA</subfield>
    <subfield code="o">6/8</subfield>
    <subfield code="p">8'B/{BGB}{BGB}/4.''E8E--/!{C'A''C}!f/4'B</subfield>
    <subfield code="2">pe</subfield>
  </datafield>
  <datafield tag="031" ind1=" " ind2=" ">
    <subfield code="a">1</subfield>
    <subfield code="b">3</subfield>
    <subfield code="d">Presto</subfield>
    <subfield code="g">G-2</subfield>
    <subfield code="m">cl</subfield>
    <subfield code="n">bBEA</subfield>
    <subfield code="o">2/4</subfield>
    <subfield code="p">4'B8&amp;#xbb;/{B''E}4E/F{8FF}/6{GFGA}4B/F</subfield>
    <subfield code="2">pe</subfield>
  </datafield>
  <datafield tag="031" ind1=" " ind2=" ">
    <subfield code="a">2</subfield>
    <subfield code="b">1</subfield>
    <subfield code="d">Allegro (1st mvt)</subfield>
    <subfield code="g">G-2</subfield>
    <subfield code="m">cl</subfield>
    <subfield code="n">bBEA</subfield>
    <subfield code="o">c</subfield>
    <subfield code="p">''4E2Eqq{6DE}r8{GE}/4288'BB{GE}/''CC{EC}/4Ct'B2-</subfield>
    <subfield code="2">pe</subfield>
  </datafield>
  <datafield tag="031" ind1=" " ind2=" ">
    <subfield code="a">2</subfield>
    <subfield code="b">2</subfield>
    <subfield code="d">Andante</subfield>
    <subfield code="g">G-2</subfield>
    <subfield code="m">cl</subfield>
    <subfield code="n">bBEA</subfield>
    <subfield code="o">3/4</subfield>
    <subfield code="p">4'BGA/B''Eq8D4C/2'B4A/G-</subfield>
    <subfield code="2">pe</subfield>
  </datafield>
  <datafield tag="031" ind1=" " ind2=" ">
    <subfield code="a">2</subfield>
    <subfield code="b">3</subfield>
    <subfield code="d">Menuetto</subfield>
    <subfield code="g">G-2</subfield>
    <subfield code="m">cl</subfield>
    <subfield code="n">bBEA</subfield>
    <subfield code="o">3/4</subfield>
    <subfield code="p">4'B/B''CD/EFG/A{8AFGE}/4F-</subfield>
    <subfield code="2">pe</subfield>
  </datafield>
  <datafield tag="031" ind1=" " ind2=" ">
    <subfield code="a">2</subfield>
    <subfield code="b">4</subfield>
    <subfield code="d">Allegro (4th mvt)</subfield>
    <subfield code="g">G-2</subfield>
    <subfield code="m">cl</subfield>
    <subfield code="n">bBEA</subfield>
    <subfield code="o">2/4</subfield>
    <subfield code="p">''488B{GE}/'''C{''AF}/6{EDC'B}{nAB''CD}/{EDEF}{GFGA/4B</subfield>
    <subfield code="2">pe</subfield>
  </datafield>
  <datafield tag="031" ind1=" " ind2=" ">
    <subfield code="a">2</subfield>
    <subfield code="b">5</subfield>
    <subfield code="d">Presto</subfield>
    <subfield code="g">G-2</subfield>
    <subfield code="m">cl</subfield>
    <subfield code="n">bBEA</subfield>
    <subfield code="o">3/8</subfield>
    <subfield code="p">8{''E6EGFA}/8{GBB}/{A6AFGE}/{8F'BB}/4''E</subfield>
    <subfield code="2">pe</subfield>
  </datafield>
  <datafield tag="035" ind1=" " ind2=" ">
    <subfield code="a">(OCoLC)923024943</subfield>
  </datafield>
  <datafield tag="040" ind1=" " ind2=" ">
    <subfield code="a">MORIA</subfield>
    <subfield code="b">eng</subfield>
    <subfield code="c">MORIA</subfield>
    <subfield code="d">OCLCO</subfield>
    <subfield code="d">MORIA</subfield>
    <subfield code="d">OCLCQ</subfield>
    <subfield code="d">OCLCO</subfield>
    <subfield code="d">MORIA</subfield>
  </datafield>
  <datafield tag="049" ind1=" " ind2=" ">
    <subfield code="a">MORA</subfield>
  </datafield>
  <datafield tag="100" ind1="1" ind2=" ">
    <subfield code="a">Michael, David Moritz</subfield>
    <subfield code="d">1751-1827</subfield>
    <subfield code="4">cmp</subfield>
  </datafield>
  <datafield tag="240" ind1="1" ind2="0">
    <subfield code="a">Partitas</subfield>
    <subfield code="k">Selections</subfield>
  </datafield>
  <datafield tag="245" ind1="1" ind2="0">
    <subfield code="a">Parthia I di D.M. Michael ; Parthia II di D.M. Michael.</subfield>
  </datafield>
  <datafield tag="260" ind1=" " ind2=" ">
    <subfield code="c">[between 1784 and 1827]</subfield>
  </datafield>
  <datafield tag="300" ind1=" " ind2=" ">
    <subfield code="a">7 manuscript parts</subfield>
  </datafield>
  <datafield tag="336" ind1=" " ind2=" ">
    <subfield code="a">notated music</subfield>
    <subfield code="b">ntm</subfield>
    <subfield code="2">rdacontent</subfield>
  </datafield>
  <datafield tag="337" ind1=" " ind2=" ">
    <subfield code="a">unmediated</subfield>
    <subfield code="b">n</subfield>
    <subfield code="2">rdamedia</subfield>
  </datafield>
  <datafield tag="500" ind1=" " ind2=" ">
    <subfield code="a">Folder (subsequently used as binding for LCM [198B]): No 197. 198.  Parthia di Michael (this heading subsequently crossed out in pencil). Top, first p, Cl I, inscribed: No 151. 152. Bottom, another hand: Dem Coll mus zu Litiz gehörig. Top, second p, Cl I, 197 &amp; 99. Top, last p, Cl I, pencil: 197 &amp; 98.</subfield>
  </datafield>
  <datafield tag="500" ind1=" " ind2=" ">
    <subfield code="a">Pts: Fl; Cl I, II; Bsn; Trpt; Hn I, II.</subfield>
  </datafield>
  <datafield tag="500" ind1=" " ind2=" ">
    <subfield code="a">LCM 197. Caption: Parthia I. di D.M. Michael.</subfield>
  </datafield>
  <datafield tag="500" ind1=" " ind2=" ">
    <subfield code="a">All pts copied by Johann Christian Bechler.</subfield>
  </datafield>
  <datafield tag="500" ind1=" " ind2=" ">
    <subfield code="a">LCM 198[A]. Caption: Parthia II. di D.M. Michael.</subfield>
  </datafield>
  <datafield tag="500" ind1=" " ind2=" ">
    <subfield code="a">LCM 199: [Missing].</subfield>
    <subfield code="5">NcWsMM</subfield>
  </datafield>
  <datafield tag="505" ind1="0" ind2=" ">
    <subfield code="a">Parthia, no 1, E♭ major (Allegro ; Andante ; Presto) -- Parthia, no 2, E♭ major (Allegro ; Andante ; Menuetto ; Allegro ; Presto).</subfield>
  </datafield>
  <datafield tag="506" ind1="1" ind2=" ">
    <subfield code="a">Use restricted by the terms of the Moravian Music Foundation Research Policies.</subfield>
  </datafield>
  <datafield tag="594" ind1=" " ind2=" ">
    <subfield code="a">wa01</subfield>
    <subfield code="a">wc02</subfield>
    <subfield code="a">wd01</subfield>
    <subfield code="a">bb01</subfield>
    <subfield code="a">ba02</subfield>
  </datafield>
  <datafield tag="700" ind1="1" ind2=" ">
    <subfield code="a">Bechler, Johann Christian</subfield>
    <subfield code="d">1784-1857</subfield>
    <subfield code="4">mcp</subfield>
  </datafield>
  <datafield tag="700" ind1="1" ind2=" ">
    <subfield code="a">Michael, David Moritz</subfield>
    <subfield code="d">1751-1827</subfield>
    <subfield code="t">Partitas,</subfield>
    <subfield code="m">clarinets (2), bassoon, trumpet, horns (2),</subfield>
    <subfield code="n">no. 1,</subfield>
    <subfield code="r">E♭ major.</subfield>
  </datafield>
  <datafield tag="700" ind1="1" ind2=" ">
    <subfield code="a">Michael, David Moritz</subfield>
    <subfield code="d">1751-1827</subfield>
    <subfield code="t">Partitas,</subfield>
    <subfield code="m">flute, clarinets (2), bassoon, horns (2),</subfield>
    <subfield code="n">no. 2,</subfield>
    <subfield code="r">E♭ major.</subfield>
  </datafield>
  <datafield tag="710" ind1="2" ind2=" ">
    <subfield code="a">Moravian Music Foundation</subfield>
    <subfield code="4">cur</subfield>
  </datafield>
  <datafield tag="710" ind1="2" ind2=" ">
    <subfield code="a">Lititz Collegium Musicum (Lititz, Pa.)</subfield>
    <subfield code="4">fmo</subfield>
  </datafield>
  <datafield tag="730" ind1="0" ind2=" ">
    <subfield code="a">Lititz Collegium Musicum Collection.</subfield>
  </datafield>
  <datafield tag="852" ind1=" " ind2=" ">
    <subfield code="a">US-BETm</subfield>
    <subfield code="p">LCM 197-198[A] Beth ms</subfield>
  </datafield>
  <datafield tag="994" ind1=" " ind2=" ">
    <subfield code="a">C0</subfield>
    <subfield code="b">MORIA</subfield>
  </datafield>
</record>