<record>
  <leader>04374cdm a2200625Ii 4500</leader>
  <controlfield tag="001">1923025007</controlfield>
  <controlfield tag="003">OCoLC</controlfield>
  <controlfield tag="005">20160706113545.0</controlfield>
  <controlfield tag="007">qu</controlfield>
  <controlfield tag="008">151008q17701790xx snze        n    zxx d</controlfield>
  <datafield tag="031" ind1=" " ind2=" ">
    <subfield code="a">1</subfield>
    <subfield code="b">1</subfield>
    <subfield code="d">Allegro. Moderato</subfield>
    <subfield code="g">G-2</subfield>
    <subfield code="m">vl</subfield>
    <subfield code="n">xFCG</subfield>
    <subfield code="o">c</subfield>
    <subfield code="p">2''E8{DC'BA}/4.8''AF4D-/2Dq8E{D6CD}8{ED}/&amp;#xdc;2C4D</subfield>
    <subfield code="2">pe</subfield>
  </datafield>
  <datafield tag="031" ind1=" " ind2=" ">
    <subfield code="a">1</subfield>
    <subfield code="b">2</subfield>
    <subfield code="d">Rondo Allegretto</subfield>
    <subfield code="g">G-2</subfield>
    <subfield code="m">vl</subfield>
    <subfield code="n">xFCG</subfield>
    <subfield code="o">2/4</subfield>
    <subfield code="p">8{''CC}/{8.C3DC}6{'B''C8.6DD}/8&amp;#xdc;6{E'A}{''AF}/{EC'BA}{GA''DC}/4C</subfield>
    <subfield code="2">pe</subfield>
  </datafield>
  <datafield tag="031" ind1=" " ind2=" ">
    <subfield code="a">2</subfield>
    <subfield code="b">1</subfield>
    <subfield code="d">Allegro Moderato</subfield>
    <subfield code="g">G-2</subfield>
    <subfield code="m">vl</subfield>
    <subfield code="n">xFC</subfield>
    <subfield code="o">c</subfield>
    <subfield code="p">4''A6({FGAB'''CD};6)4''A6{A'''D''A}{FDA}/{GFE}{DC'B}/8{A''G}4xE8F-</subfield>
    <subfield code="2">pe</subfield>
  </datafield>
  <datafield tag="031" ind1=" " ind2=" ">
    <subfield code="a">2</subfield>
    <subfield code="b">2</subfield>
    <subfield code="d">Rondo. Allegro Moderato</subfield>
    <subfield code="g">G-2</subfield>
    <subfield code="m">vl</subfield>
    <subfield code="n">xFC</subfield>
    <subfield code="o">6/8</subfield>
    <subfield code="p">8{'AA}/{''DCD}{EDC}/4.C8D-'A/{B''D'A}{G''E'F}/4.48FE-</subfield>
    <subfield code="2">pe</subfield>
  </datafield>
  <datafield tag="031" ind1=" " ind2=" ">
    <subfield code="a">3</subfield>
    <subfield code="b">1</subfield>
    <subfield code="d">Allegro assai</subfield>
    <subfield code="g">G-2</subfield>
    <subfield code="m">vl</subfield>
    <subfield code="n">xF</subfield>
    <subfield code="o">c</subfield>
    <subfield code="p">2''GD/6{C'B''ED}4.D6{ED}{C'BAG}/{FAGB}{A''C'B''D}q4D2C/6{C'B''ED}4D</subfield>
    <subfield code="2">pe</subfield>
  </datafield>
  <datafield tag="031" ind1=" " ind2=" ">
    <subfield code="a">3</subfield>
    <subfield code="b">2</subfield>
    <subfield code="d">Tempo di Minuetto ma moderato</subfield>
    <subfield code="g">G-2</subfield>
    <subfield code="m">vl</subfield>
    <subfield code="n">xF</subfield>
    <subfield code="o">3/4</subfield>
    <subfield code="p">4''D6{C'B}{AGFG}//{nFE}4.8E''G/G6{FG}{AGFE}/8{ED}4D8-</subfield>
    <subfield code="2">pe</subfield>
  </datafield>
  <datafield tag="031" ind1=" " ind2=" ">
    <subfield code="a">4</subfield>
    <subfield code="b">1</subfield>
    <subfield code="d">Moderato</subfield>
    <subfield code="g">G-2</subfield>
    <subfield code="m">vl</subfield>
    <subfield code="n">bBEA</subfield>
    <subfield code="o">2/4</subfield>
    <subfield code="p">{8.'B3''CD}6{E'BGE}/q8F4E8D-/{8.''A3FG}{AGFE}{DC'BA}/8486qBAG-</subfield>
    <subfield code="2">pe</subfield>
  </datafield>
  <datafield tag="031" ind1=" " ind2=" ">
    <subfield code="a">4</subfield>
    <subfield code="b">2</subfield>
    <subfield code="d">Rondo moderato</subfield>
    <subfield code="g">G-2</subfield>
    <subfield code="m">vl</subfield>
    <subfield code="n">bBEA</subfield>
    <subfield code="o">c</subfield>
    <subfield code="p">4'B''E//2E8{DC'BA}/4A8{BG''E}{'BGE}/{CFG}{AGF}{''C'BA}{GF''C}/4'E</subfield>
    <subfield code="2">pe</subfield>
  </datafield>
  <datafield tag="031" ind1=" " ind2=" ">
    <subfield code="a">5</subfield>
    <subfield code="b">1</subfield>
    <subfield code="d">Allegro moderato</subfield>
    <subfield code="g">G-2</subfield>
    <subfield code="m">vl</subfield>
    <subfield code="n">bB</subfield>
    <subfield code="o">c</subfield>
    <subfield code="p">8{'FA}/42''CCF}/8{FE}2E8.6&amp;#xcc;/2C8{CFAF}/{FE}2E8.64&amp;#xcc;/C</subfield>
    <subfield code="2">pe</subfield>
  </datafield>
  <datafield tag="031" ind1=" " ind2=" ">
    <subfield code="a">5</subfield>
    <subfield code="b">2</subfield>
    <subfield code="d">Adagio ma non tanto Cantabile</subfield>
    <subfield code="g">G-2</subfield>
    <subfield code="m">vl</subfield>
    <subfield code="n">bB</subfield>
    <subfield code="o">c</subfield>
    <subfield code="p">428.6''CC&amp;#xfd;/8{C'B}4B-8.6&amp;#xbb;/{8B''G}24G'B/8{BA}4A-</subfield>
    <subfield code="2">pe</subfield>
  </datafield>
  <datafield tag="031" ind1=" " ind2=" ">
    <subfield code="a">5</subfield>
    <subfield code="b">3</subfield>
    <subfield code="d">Tempo di Minuetto moderato</subfield>
    <subfield code="g">G-2</subfield>
    <subfield code="m">vl</subfield>
    <subfield code="n">bB</subfield>
    <subfield code="o">3/4</subfield>
    <subfield code="p">248''AG/qGFE/qED8{CFA}/4C'BA}/''C</subfield>
    <subfield code="2">pe</subfield>
  </datafield>
  <datafield tag="031" ind1=" " ind2=" ">
    <subfield code="a">6</subfield>
    <subfield code="b">1</subfield>
    <subfield code="d">Tempo giusto</subfield>
    <subfield code="g">G-2</subfield>
    <subfield code="m">vl</subfield>
    <subfield code="n">bBE</subfield>
    <subfield code="o">c</subfield>
    <subfield code="p">8{''FD}/4.'B8''D{CE'A''C}/{'B''D}4'F8{DFB}{''DFB}/'''{DC''B}{AGF}4241qFE/qED</subfield>
    <subfield code="2">pe</subfield>
  </datafield>
  <datafield tag="031" ind1=" " ind2=" ">
    <subfield code="a">6</subfield>
    <subfield code="b">2</subfield>
    <subfield code="d">Largo Cantabile</subfield>
    <subfield code="g">G-2</subfield>
    <subfield code="m">vl</subfield>
    <subfield code="n">bBEA</subfield>
    <subfield code="o">c</subfield>
    <subfield code="p">8.6{'BG}/8{E''E}24EEt/8{EDA}24AA/8{GAB}{'''C''AF}4ED/E</subfield>
    <subfield code="2">pe</subfield>
  </datafield>
  <datafield tag="031" ind1=" " ind2=" ">
    <subfield code="a">6</subfield>
    <subfield code="b">3</subfield>
    <subfield code="d">Andante con Variazioni</subfield>
    <subfield code="g">G-2</subfield>
    <subfield code="m">vl</subfield>
    <subfield code="n">bBE</subfield>
    <subfield code="o">c</subfield>
    <subfield code="p">48882'F/{BF''D}'BtF/{''C'F''E}CE/8{DEF}{GEC}4'BA/B</subfield>
    <subfield code="2">pe</subfield>
  </datafield>
  <datafield tag="035" ind1=" " ind2=" ">
    <subfield code="a">(OCoLC)923025007</subfield>
  </datafield>
  <datafield tag="040" ind1=" " ind2=" ">
    <subfield code="a">MORIA</subfield>
    <subfield code="b">eng</subfield>
    <subfield code="c">MORIA</subfield>
    <subfield code="d">OCLCO</subfield>
    <subfield code="d">OCLCQ</subfield>
    <subfield code="d">OCLCO</subfield>
    <subfield code="d">MORIA</subfield>
  </datafield>
  <datafield tag="049" ind1=" " ind2=" ">
    <subfield code="a">MORA</subfield>
  </datafield>
  <datafield tag="100" ind1="1" ind2=" ">
    <subfield code="a">Pichl, Wenzel</subfield>
    <subfield code="d">1741-1804</subfield>
    <subfield code="4">cmp</subfield>
  </datafield>
  <datafield tag="240" ind1="1" ind2="0">
    <subfield code="a">Sonatas</subfield>
    <subfield code="m">violins (2),</subfield>
    <subfield code="n">op. 4</subfield>
  </datafield>
  <datafield tag="245" ind1="1" ind2="0">
    <subfield code="a">Sei Sonate a Due Violini /</subfield>
    <subfield code="c">Composte da Pichl. Opera IV.</subfield>
  </datafield>
  <datafield tag="246" ind1="1" ind2="6">
    <subfield code="a">Duetto</subfield>
  </datafield>
  <datafield tag="260" ind1=" " ind2=" ">
    <subfield code="a">[Place of publication not identified] :</subfield>
    <subfield code="b">[publisher not identified],</subfield>
    <subfield code="c">[probably between 1770 and 1790]</subfield>
  </datafield>
  <datafield tag="300" ind1=" " ind2=" ">
    <subfield code="a">2 manuscript parts</subfield>
  </datafield>
  <datafield tag="336" ind1=" " ind2=" ">
    <subfield code="a">notated music</subfield>
    <subfield code="b">ntm</subfield>
    <subfield code="2">rdacontent</subfield>
  </datafield>
  <datafield tag="337" ind1=" " ind2=" ">
    <subfield code="a">unmediated</subfield>
    <subfield code="b">n</subfield>
    <subfield code="2">rdamedia</subfield>
  </datafield>
  <datafield tag="338" ind1=" " ind2=" ">
    <subfield code="a">sheet</subfield>
    <subfield code="b">nb</subfield>
    <subfield code="2">rdacarrier</subfield>
  </datafield>
  <datafield tag="500" ind1=" " ind2=" ">
    <subfield code="a">Sei  Sonate a Due Violini Composte da Pichl. Opera IV. Front cover, vln I, pencil: Most valuable. Keep by all means.</subfield>
  </datafield>
  <datafield tag="500" ind1=" " ind2=" ">
    <subfield code="a">Pts: Vln I, II.</subfield>
  </datafield>
  <datafield tag="500" ind1=" " ind2=" ">
    <subfield code="a">LCM [Add E Cham 3.]1-6. Caption titles: Duetto I-VI.</subfield>
  </datafield>
  <datafield tag="505" ind1="0" ind2=" ">
    <subfield code="a">LCM [Add E Cham 3.]1. Duet, two violins, op 4, no 1, A major: Allegro. Moderato ; Rondo Allegretto -- LCM [Add E Cham 3.]2. Duet, two violins, op 4, no 2, D major: Allegro moderato ; Rondo. Allegretto Moderato -- LCM [Add E Cham 3.]3. Duet, two violins, op 4, no 3, G major: Allegro assai ; Tempo di Minuetto ma moderato -- LCM [Add E Cham 3.]4. Duet, two violins, op 4, no 4, E♭ major: Moderato ; Rondo moderato -- LCM [Add E Cham 3.]5. Duet, two violins, op 4, no 5, F major: Allegro moderato ; Adagio ma non tanto Cantabile ; Tempo di Minuetto moderato -- LCM [Add E Cham 3.]6. Duet, two violins, op 4, no 6, B♭ major: Tempo giusto ; Largo Cantabile ; Andante con Variazioni.</subfield>
  </datafield>
  <datafield tag="506" ind1="1" ind2=" ">
    <subfield code="a">Use restricted by the terms of the Moravian Music Foundation Research Policies.</subfield>
  </datafield>
  <datafield tag="594" ind1=" " ind2=" ">
    <subfield code="a">sa02</subfield>
  </datafield>
  <datafield tag="700" ind1="1" ind2=" ">
    <subfield code="a">Pichl, Wenzel</subfield>
    <subfield code="d">1741-1804</subfield>
    <subfield code="t">Sonatas,</subfield>
    <subfield code="m">violins (2),</subfield>
    <subfield code="n">op. 4.</subfield>
    <subfield code="n">No. 1,</subfield>
    <subfield code="r">A major.</subfield>
  </datafield>
  <datafield tag="700" ind1="1" ind2=" ">
    <subfield code="a">Pichl, Wenzel</subfield>
    <subfield code="d">1741-1804</subfield>
    <subfield code="t">Sonatas,</subfield>
    <subfield code="m">violins (2),</subfield>
    <subfield code="n">op. 4.</subfield>
    <subfield code="n">No. 2,</subfield>
    <subfield code="r">D major.</subfield>
  </datafield>
  <datafield tag="700" ind1="1" ind2=" ">
    <subfield code="a">Pichl, Wenzel</subfield>
    <subfield code="d">1741-1804</subfield>
    <subfield code="t">Sonatas,</subfield>
    <subfield code="m">violins (2),</subfield>
    <subfield code="n">op. 4.</subfield>
    <subfield code="n">No. 3,</subfield>
    <subfield code="r">G major.</subfield>
  </datafield>
  <datafield tag="700" ind1="1" ind2=" ">
    <subfield code="a">Pichl, Wenzel</subfield>
    <subfield code="d">1741-1804</subfield>
    <subfield code="t">Sonatas,</subfield>
    <subfield code="m">violins (2),</subfield>
    <subfield code="n">op. 4.</subfield>
    <subfield code="n">No. 4,</subfield>
    <subfield code="r">E♭ major.</subfield>
  </datafield>
  <datafield tag="700" ind1="1" ind2=" ">
    <subfield code="a">Pichl, Wenzel</subfield>
    <subfield code="d">1741-1804</subfield>
    <subfield code="t">Sonatas,</subfield>
    <subfield code="m">violins (2),</subfield>
    <subfield code="n">op. 4.</subfield>
    <subfield code="n">No. 5,</subfield>
    <subfield code="r">F major.</subfield>
  </datafield>
  <datafield tag="700" ind1="1" ind2=" ">
    <subfield code="a">Pichl, Wenzel</subfield>
    <subfield code="d">1741-1804</subfield>
    <subfield code="t">Sonatas,</subfield>
    <subfield code="m">violins (2),</subfield>
    <subfield code="n">op. 4.</subfield>
    <subfield code="n">No. 6,</subfield>
    <subfield code="r">B♭ major.</subfield>
  </datafield>
  <datafield tag="710" ind1="2" ind2=" ">
    <subfield code="a">Moravian Music Foundation</subfield>
    <subfield code="4">cur</subfield>
  </datafield>
  <datafield tag="710" ind1="2" ind2=" ">
    <subfield code="a">Lititz Collegium Musicum (Lititz, Pa.)</subfield>
    <subfield code="4">fmo</subfield>
  </datafield>
  <datafield tag="730" ind1="0" ind2=" ">
    <subfield code="a">Lititz Collegium Musicum Collection.</subfield>
  </datafield>
  <datafield tag="852" ind1=" " ind2=" ">
    <subfield code="a">US-BETm</subfield>
    <subfield code="p">LCM [Add E Cham 3] Beth ms</subfield>
  </datafield>
  <datafield tag="994" ind1=" " ind2=" ">
    <subfield code="a">C0</subfield>
    <subfield code="b">MORIA</subfield>
  </datafield>
</record>