<record>
  <leader>03617cdm a2200481Ii 4500</leader>
  <controlfield tag="001">1923025035</controlfield>
  <controlfield tag="003">OCoLC</controlfield>
  <controlfield tag="005">20160706113545.0</controlfield>
  <controlfield tag="007">qu</controlfield>
  <controlfield tag="008">151008q17801798xx orae        n    ita d</controlfield>
  <datafield tag="031" ind1=" " ind2=" ">
    <subfield code="g">G-2</subfield>
    <subfield code="m">Dessus</subfield>
    <subfield code="n">bBE</subfield>
    <subfield code="o">c</subfield>
    <subfield code="p">2-''FG4FE2DFEE1D</subfield>
    <subfield code="t">Ein Lämmlein geht und trägt die Schuld</subfield>
    <subfield code="2">pe</subfield>
  </datafield>
  <datafield tag="035" ind1=" " ind2=" ">
    <subfield code="a">(OCoLC)923025035</subfield>
  </datafield>
  <datafield tag="040" ind1=" " ind2=" ">
    <subfield code="a">MORIA</subfield>
    <subfield code="b">eng</subfield>
    <subfield code="c">MORIA</subfield>
    <subfield code="d">OCLCO</subfield>
    <subfield code="d">OCLCQ</subfield>
    <subfield code="d">MORIA</subfield>
    <subfield code="d">OCLCF</subfield>
    <subfield code="d">MORIA</subfield>
  </datafield>
  <datafield tag="049" ind1=" " ind2=" ">
    <subfield code="a">MORA</subfield>
  </datafield>
  <datafield tag="100" ind1="1" ind2=" ">
    <subfield code="a">Homilius, Gottfried August</subfield>
    <subfield code="d">1714-1785</subfield>
    <subfield code="4">cmp</subfield>
  </datafield>
  <datafield tag="240" ind1="1" ind2="0">
    <subfield code="a">Lämmlein geht</subfield>
  </datafield>
  <datafield tag="245" ind1="1" ind2="0">
    <subfield code="a">Recitative nach der Poesie des Herrn Bushmann aus der Passions-Cantate /</subfield>
    <subfield code="c">von Godfried August Homilius Cantor u. Music-Director an der Kreuz-Kirche zu Dresden.</subfield>
  </datafield>
  <datafield tag="246" ind1="1" ind2=" ">
    <subfield code="a">Passions-Cantate.</subfield>
  </datafield>
  <datafield tag="260" ind1=" " ind2=" ">
    <subfield code="a">[Place of copying not identified],</subfield>
    <subfield code="c">[between approximately 1780 and 1798]</subfield>
  </datafield>
  <datafield tag="300" ind1=" " ind2=" ">
    <subfield code="a">18 manuscript parts</subfield>
  </datafield>
  <datafield tag="336" ind1=" " ind2=" ">
    <subfield code="a">notated music</subfield>
    <subfield code="b">ntm</subfield>
    <subfield code="2">rdacontent</subfield>
  </datafield>
  <datafield tag="337" ind1=" " ind2=" ">
    <subfield code="a">unmediated</subfield>
    <subfield code="b">n</subfield>
    <subfield code="2">rdamedia</subfield>
  </datafield>
  <datafield tag="338" ind1=" " ind2=" ">
    <subfield code="a">sheet</subfield>
    <subfield code="b">nb</subfield>
    <subfield code="2">rdacarrier</subfield>
  </datafield>
  <datafield tag="383" ind1=" " ind2=" ">
    <subfield code="c">HoWV 1.2</subfield>
    <subfield code="d">Wolf</subfield>
  </datafield>
  <datafield tag="500" ind1=" " ind2=" ">
    <subfield code="a">Pts: Solo: S &amp; A &amp; T &amp; B with Fig Bass (contains recitatives only). Solo &amp; Ch: S, A, T. Fl Trav I, II; Ob I, II; Bsn I, II; Vln I, II; Vla; Vcl; Basso.</subfield>
  </datafield>
  <datafield tag="500" ind1=" " ind2=" ">
    <subfield code="a">Title page: Recitative nach der Poesie des Herrn Bushmann aus der Passions-Cantate, von Godfried August Homilius Cantor u. Music-Director an der Kreuz-Kirche zu Dresden. Lower right: J.V.V. Top, first p, ob I: 251. 1. Choral.</subfield>
  </datafield>
  <datafield tag="500" ind1=" " ind2=" ">
    <subfield code="a">See also PSB 80.</subfield>
    <subfield code="5">NcWsMM</subfield>
  </datafield>
  <datafield tag="505" ind1="0" ind2=" ">
    <subfield code="a">Erster Theil: LCM 251.1. Ein Lämmlein geht und trägt die Schuld ; LCM 251.2. Siehe das ist Gottes Lamm welches ; LCM 251.3. Mit väterlicher Stimme ; LCM 251.4. Wie tödtlich schrecken die Gerichte ; LCM 251.5. Du siehst Ihn, Mitternacht ; LCM 251.6. Ich bete, zürne nicht ; LCM 251.7. Seine Liebe sein Erbarmen ; LCM 251.8. Verflucht von Gott, liegt Er ; LCM 251.9. Nun sterb ich Sünder nicht ; LCM 251.10. Daran ist erschienen ; LCM 251.11. Die Mörder kommen schon ; LCM 251.12. Nun wird mich, Gott ; LCM 251.13. Ach Herr! unsre Missethaten ; LCM 251.14. Seht, wie Jerusalem ; LCM 251.15. Umgürtet mit Gerechtigkeit ; LCM 251.16. Verspottet und verhönt ; LCM 251.17. Israel hoffe auf den Herrn ; LCM 251.18. Ob bey uns ist der Sünden viel -- Zweiter Theil: LCM 251.19. Ich grüsse dich am Kreuzesstamm ; LCM 251.20. Hier steht das Holz ; LCM 251.21. Bewafne dich, Mächt'ger ; LCM 251.22. Unsre Sünden und Missethaten ; LCM 251.23. Nun ist der Hirte ganz geschlagen ; LCM 251.24. Mir hast du Arbeit gemacht ; LCM 251.25. Ach unter dieser Last ; LCM 251.26. Ich tilge deine Uebertretung ; LCM 251.27. Getrost mein Christ ; LCM 251.28. Nun ich weiss, worauf ich bau ; LCM 251.29. Zerreisse Golgatha! ; LCM 251.30. Am Kreuze stirbt er.</subfield>
  </datafield>
  <datafield tag="506" ind1="1" ind2=" ">
    <subfield code="a">Use restricted by the terms of the Moravian Music Foundation Research Policies.</subfield>
  </datafield>
  <datafield tag="545" ind1=" " ind2=" ">
    <subfield code="a">Earliest listing in Nazareth Verzeichniss: 9 Mar 1798.</subfield>
  </datafield>
  <datafield tag="594" ind1=" " ind2=" ">
    <subfield code="b">va01</subfield>
    <subfield code="b">vc01</subfield>
    <subfield code="b">vd01</subfield>
    <subfield code="b">vf01</subfield>
    <subfield code="a">ca</subfield>
    <subfield code="a">ob</subfield>
  </datafield>
  <datafield tag="700" ind1="1" ind2=" ">
    <subfield code="a">Buschmann, Ernst August</subfield>
    <subfield code="d">1725-1775</subfield>
    <subfield code="4">lbt</subfield>
  </datafield>
  <datafield tag="700" ind1="1" ind2=" ">
    <subfield code="a">Van Vleck, Jacob</subfield>
    <subfield code="d">1751-1831</subfield>
    <subfield code="4">mcp</subfield>
  </datafield>
  <datafield tag="710" ind1="2" ind2=" ">
    <subfield code="a">Moravian Music Foundation</subfield>
    <subfield code="4">cur</subfield>
  </datafield>
  <datafield tag="710" ind1="2" ind2=" ">
    <subfield code="a">Lititz Collegium Musicum (Lititz, Pa.)</subfield>
    <subfield code="4">fmo</subfield>
  </datafield>
  <datafield tag="730" ind1="0" ind2=" ">
    <subfield code="a">Lititz Collegium Musicum Collection.</subfield>
  </datafield>
  <datafield tag="787" ind1="0" ind2="8">
    <subfield code="i">Probably copied from:</subfield>
    <subfield code="a">Homilius, Gottfried August, 1714-1785.</subfield>
    <subfield code="t">Lämmlein geht.</subfield>
    <subfield code="d">[between 1780 and1796].</subfield>
    <subfield code="o">Philharmonic Society of Bethlehem Collection PSB 80 Beth ms.</subfield>
    <subfield code="w">(OCoLC)944192831</subfield>
  </datafield>
  <datafield tag="852" ind1=" " ind2=" ">
    <subfield code="a">US-BETm</subfield>
    <subfield code="p">LCM 251 Beth ms</subfield>
  </datafield>
  <datafield tag="994" ind1=" " ind2=" ">
    <subfield code="a">C0</subfield>
    <subfield code="b">MORIA</subfield>
  </datafield>
</record>