<record>
  <leader>01937cdm a2200409Ii 4500</leader>
  <controlfield tag="001">1923025076</controlfield>
  <controlfield tag="003">OCoLC</controlfield>
  <controlfield tag="005">20160706113546.0</controlfield>
  <controlfield tag="007">qu</controlfield>
  <controlfield tag="008">151008q17321809xx dvze        n    zxx d</controlfield>
  <datafield tag="031" ind1=" " ind2=" ">
    <subfield code="b">1</subfield>
    <subfield code="d">Andante</subfield>
    <subfield code="g">G-2</subfield>
    <subfield code="m">vl</subfield>
    <subfield code="n">bB</subfield>
    <subfield code="o">2/4</subfield>
    <subfield code="p">6.3{''C'B}/8466AA{''C'A}/GG{''C'E}/F''F8n'B/{6''C'nB8''C}-</subfield>
    <subfield code="2">pe</subfield>
  </datafield>
  <datafield tag="031" ind1=" " ind2=" ">
    <subfield code="b">2</subfield>
    <subfield code="d">Allegro molto</subfield>
    <subfield code="g">G-2</subfield>
    <subfield code="m">vl</subfield>
    <subfield code="n">bB</subfield>
    <subfield code="o">c/</subfield>
    <subfield code="p">1'F/8{EFGA}{BGFE}/1A/8{GAB''C}{D'BAG}/4A''F-</subfield>
    <subfield code="2">pe</subfield>
  </datafield>
  <datafield tag="031" ind1=" " ind2=" ">
    <subfield code="b">3</subfield>
    <subfield code="d">Menuet</subfield>
    <subfield code="g">G-2</subfield>
    <subfield code="m">vl</subfield>
    <subfield code="n">bB</subfield>
    <subfield code="o">3/4</subfield>
    <subfield code="p">8.6{''DC}/4'BAG/AF''{8CE}/&amp;#xfc;{C'A}&amp;#xaf;/2''C8.6&amp;#xdc;/4'B</subfield>
    <subfield code="2">pe</subfield>
  </datafield>
  <datafield tag="031" ind1=" " ind2=" ">
    <subfield code="b">4</subfield>
    <subfield code="d">Presto</subfield>
    <subfield code="g">G-2</subfield>
    <subfield code="m">vl</subfield>
    <subfield code="n">bB</subfield>
    <subfield code="o">3/8</subfield>
    <subfield code="p">'8C/4.F/qq6{''FG}r4.A/D/'''D/8{C''BA}/4B</subfield>
    <subfield code="2">pe</subfield>
  </datafield>
  <datafield tag="035" ind1=" " ind2=" ">
    <subfield code="a">(OCoLC)923025076</subfield>
  </datafield>
  <datafield tag="040" ind1=" " ind2=" ">
    <subfield code="a">MORIA</subfield>
    <subfield code="b">eng</subfield>
    <subfield code="c">MORIA</subfield>
    <subfield code="d">OCLCO</subfield>
    <subfield code="d">OCLCF</subfield>
    <subfield code="d">MORIA</subfield>
    <subfield code="d">OCLCQ</subfield>
    <subfield code="d">MORIA</subfield>
  </datafield>
  <datafield tag="049" ind1=" " ind2=" ">
    <subfield code="a">MORA</subfield>
  </datafield>
  <datafield tag="100" ind1="1" ind2=" ">
    <subfield code="a">Haydn, Joseph</subfield>
    <subfield code="d">1732-1809</subfield>
    <subfield code="4">cmp</subfield>
  </datafield>
  <datafield tag="240" ind1="1" ind2="0">
    <subfield code="a">Cassations</subfield>
    <subfield code="n">H I: F 7,</subfield>
    <subfield code="r">F major</subfield>
  </datafield>
  <datafield tag="245" ind1="1" ind2="0">
    <subfield code="a">Cassatio in F dur a Due Violini, Viola, e Basso /</subfield>
    <subfield code="c">del Sig. Haydn.</subfield>
  </datafield>
  <datafield tag="260" ind1=" " ind2=" ">
    <subfield code="c">[between 1732 and 1809]</subfield>
  </datafield>
  <datafield tag="300" ind1=" " ind2=" ">
    <subfield code="a">4 manuscript parts</subfield>
  </datafield>
  <datafield tag="336" ind1=" " ind2=" ">
    <subfield code="a">notated music</subfield>
    <subfield code="b">ntm</subfield>
    <subfield code="2">rdacontent</subfield>
  </datafield>
  <datafield tag="337" ind1=" " ind2=" ">
    <subfield code="a">unmediated</subfield>
    <subfield code="b">n</subfield>
    <subfield code="2">rdamedia</subfield>
  </datafield>
  <datafield tag="500" ind1=" " ind2=" ">
    <subfield code="a">Pts: Vln I, II; Vla; Basso.</subfield>
  </datafield>
  <datafield tag="500" ind1=" " ind2=" ">
    <subfield code="a">No 49  Cassatio in F dur  a  Due Violini  Viola  e  Basso  del Sig. Haydn  [first movement incipit]  Im[m]: Nitschm.  [another hand:] Dem Gem zu Litiz gehörig. Front, vln II: No 223. All pts copied by Immanuel Nitschmann.</subfield>
  </datafield>
  <datafield tag="505" ind1="0" ind2=" ">
    <subfield code="a">Andante -- Allegro molto -- Menuet -- Presto. [Order of movements do not match Hoboken].</subfield>
  </datafield>
  <datafield tag="506" ind1="1" ind2=" ">
    <subfield code="a">Use restricted by the terms of the Moravian Music Foundation Research Policies.</subfield>
  </datafield>
  <datafield tag="594" ind1=" " ind2=" ">
    <subfield code="a">oc</subfield>
  </datafield>
  <datafield tag="700" ind1="1" ind2=" ">
    <subfield code="a">Nitschmann, Immanuel</subfield>
    <subfield code="d">1736-1790</subfield>
    <subfield code="4">mcp</subfield>
  </datafield>
  <datafield tag="710" ind1="2" ind2=" ">
    <subfield code="a">Moravian Music Foundation</subfield>
    <subfield code="4">cur</subfield>
  </datafield>
  <datafield tag="710" ind1="2" ind2=" ">
    <subfield code="a">Lititz Collegium Musicum (Lititz, Pa.)</subfield>
    <subfield code="4">fmo</subfield>
  </datafield>
  <datafield tag="730" ind1="0" ind2=" ">
    <subfield code="a">Lititz Collegium Musicum Collection.</subfield>
  </datafield>
  <datafield tag="852" ind1=" " ind2=" ">
    <subfield code="a">US-BETm</subfield>
    <subfield code="p">LCM 223 Beth ms</subfield>
  </datafield>
  <datafield tag="994" ind1=" " ind2=" ">
    <subfield code="a">C0</subfield>
    <subfield code="b">MORIA</subfield>
  </datafield>
</record>