<record>
  <leader>02739cdm a2200517Ii 4500</leader>
  <controlfield tag="001">1923025099</controlfield>
  <controlfield tag="003">OCoLC</controlfield>
  <controlfield tag="005">20160706113546.0</controlfield>
  <controlfield tag="007">qu</controlfield>
  <controlfield tag="008">151008q17511827xx suze        n    zxx d</controlfield>
  <datafield tag="031" ind1=" " ind2=" ">
    <subfield code="a">1</subfield>
    <subfield code="b">1</subfield>
    <subfield code="d">Andante</subfield>
    <subfield code="g">G-2</subfield>
    <subfield code="m">cl</subfield>
    <subfield code="n">bB</subfield>
    <subfield code="o">3/4</subfield>
    <subfield code="p">''2F4G/4.8AG4F/EDq8D42C/C-/F6{EDC'B}/4A</subfield>
    <subfield code="2">pe</subfield>
  </datafield>
  <datafield tag="031" ind1=" " ind2=" ">
    <subfield code="a">1</subfield>
    <subfield code="b">2</subfield>
    <subfield code="d">Allegro Assai</subfield>
    <subfield code="g">G-2</subfield>
    <subfield code="m">cl</subfield>
    <subfield code="n">bB</subfield>
    <subfield code="o">3/4</subfield>
    <subfield code="p">2''F4G/AFG/i/A8{BAGF}/1G</subfield>
    <subfield code="2">pe</subfield>
  </datafield>
  <datafield tag="031" ind1=" " ind2=" ">
    <subfield code="a">1</subfield>
    <subfield code="b">3</subfield>
    <subfield code="d">Andante poco Adagio</subfield>
    <subfield code="g">G-2</subfield>
    <subfield code="m">cl</subfield>
    <subfield code="n">bB</subfield>
    <subfield code="o">c</subfield>
    <subfield code="p">244'AB''C/DC-/4.F8E4E8&amp;#xdc;/4Ct'B2-/G4AB/''C</subfield>
    <subfield code="2">pe</subfield>
  </datafield>
  <datafield tag="031" ind1=" " ind2=" ">
    <subfield code="a">1</subfield>
    <subfield code="b">4</subfield>
    <subfield code="d">Menuett</subfield>
    <subfield code="g">G-2</subfield>
    <subfield code="m">cl</subfield>
    <subfield code="n">bB</subfield>
    <subfield code="o">3/4</subfield>
    <subfield code="p">4''C/2F4'A/B-''D/2G'4nB/''C-</subfield>
    <subfield code="2">pe</subfield>
  </datafield>
  <datafield tag="031" ind1=" " ind2=" ">
    <subfield code="a">1</subfield>
    <subfield code="b">5</subfield>
    <subfield code="d">Rondo Allegretto</subfield>
    <subfield code="g">G-2</subfield>
    <subfield code="m">cl</subfield>
    <subfield code="n">bB</subfield>
    <subfield code="o">2/4</subfield>
    <subfield code="p">4''F6{EFGE}/8{FCFG}/4A6{GABG}/8{AGAB/4'''C</subfield>
    <subfield code="2">pe</subfield>
  </datafield>
  <datafield tag="031" ind1=" " ind2=" ">
    <subfield code="a">2</subfield>
    <subfield code="b">1</subfield>
    <subfield code="d">Adagio</subfield>
    <subfield code="g">G-2</subfield>
    <subfield code="m">cl</subfield>
    <subfield code="n">bBEA</subfield>
    <subfield code="o">3/4</subfield>
    <subfield code="p">4'B/B''EE/ED'B/B''F'A/AG</subfield>
    <subfield code="2">pe</subfield>
  </datafield>
  <datafield tag="031" ind1=" " ind2=" ">
    <subfield code="a">2</subfield>
    <subfield code="b">2</subfield>
    <subfield code="d">Allegro</subfield>
    <subfield code="g">G-2</subfield>
    <subfield code="m">cl</subfield>
    <subfield code="n">bBEA</subfield>
    <subfield code="o">c</subfield>
    <subfield code="p">''8B/{BBBB}{BGFE}/{DC'BA}4GB/''CDEF/qA2G4F-</subfield>
    <subfield code="2">pe</subfield>
  </datafield>
  <datafield tag="031" ind1=" " ind2=" ">
    <subfield code="a">2</subfield>
    <subfield code="b">3</subfield>
    <subfield code="d">Menuett Grazioso</subfield>
    <subfield code="g">G-2</subfield>
    <subfield code="m">cl</subfield>
    <subfield code="n">bBEA</subfield>
    <subfield code="o">3/4</subfield>
    <subfield code="p">{8'BBB}/q6B2''G6{FEDC}/4'B8{AAAA}/qA2''F6{EDC'B}/4A</subfield>
    <subfield code="2">pe</subfield>
  </datafield>
  <datafield tag="031" ind1=" " ind2=" ">
    <subfield code="a">2</subfield>
    <subfield code="b">4</subfield>
    <subfield code="d">Presto</subfield>
    <subfield code="g">G-2</subfield>
    <subfield code="m">cl</subfield>
    <subfield code="n">bBEA</subfield>
    <subfield code="o">2/4</subfield>
    <subfield code="p">8'B/4''EF/G8-B/{BBBB}/6{B'''C''BA}8{GF}/4E</subfield>
    <subfield code="2">pe</subfield>
  </datafield>
  <datafield tag="035" ind1=" " ind2=" ">
    <subfield code="a">(OCoLC)923025099</subfield>
  </datafield>
  <datafield tag="040" ind1=" " ind2=" ">
    <subfield code="a">MORIA</subfield>
    <subfield code="b">eng</subfield>
    <subfield code="c">MORIA</subfield>
    <subfield code="d">OCLCO</subfield>
    <subfield code="d">OCLCF</subfield>
    <subfield code="d">MORIA</subfield>
    <subfield code="d">OCLCQ</subfield>
    <subfield code="d">MORIA</subfield>
  </datafield>
  <datafield tag="049" ind1=" " ind2=" ">
    <subfield code="a">MORA</subfield>
  </datafield>
  <datafield tag="100" ind1="1" ind2=" ">
    <subfield code="a">Michael, David Moritz</subfield>
    <subfield code="d">1751-1827</subfield>
    <subfield code="4">cmp</subfield>
  </datafield>
  <datafield tag="240" ind1="1" ind2="0">
    <subfield code="a">Partitas</subfield>
    <subfield code="k">Selections</subfield>
  </datafield>
  <datafield tag="245" ind1="1" ind2="0">
    <subfield code="a">Parthien VI &amp; X :</subfield>
    <subfield code="b">Clarinetto Primo e Secundo, Fagotto Primo e Secundo, e Corni /</subfield>
    <subfield code="c">di D.M. Michael.</subfield>
  </datafield>
  <datafield tag="246" ind1="1" ind2="6">
    <subfield code="a">Parthia</subfield>
  </datafield>
  <datafield tag="260" ind1=" " ind2=" ">
    <subfield code="c">[between 1751 and 1827]</subfield>
  </datafield>
  <datafield tag="300" ind1=" " ind2=" ">
    <subfield code="a">6 manuscript parts</subfield>
  </datafield>
  <datafield tag="336" ind1=" " ind2=" ">
    <subfield code="a">notated music</subfield>
    <subfield code="b">ntm</subfield>
    <subfield code="2">rdacontent</subfield>
  </datafield>
  <datafield tag="337" ind1=" " ind2=" ">
    <subfield code="a">unmediated</subfield>
    <subfield code="b">n</subfield>
    <subfield code="2">rdamedia</subfield>
  </datafield>
  <datafield tag="500" ind1=" " ind2=" ">
    <subfield code="a">Folder: No 186. 187  [another hand:] Parthien  VI. &amp; X.  Clarinetto Primo e Secundo  Fagotto Primo e Secundo  e  Corni  di D.M. Michael.</subfield>
  </datafield>
  <datafield tag="500" ind1=" " ind2=" ">
    <subfield code="a">Pts: Cl I, II; Bsn I, II; Hn I, II.</subfield>
  </datafield>
  <datafield tag="500" ind1=" " ind2=" ">
    <subfield code="a">LCM 186. Caption: Parthia VI.</subfield>
  </datafield>
  <datafield tag="500" ind1=" " ind2=" ">
    <subfield code="a">LCM 187. Caption: Parthia X.</subfield>
  </datafield>
  <datafield tag="505" ind1="0" ind2=" ">
    <subfield code="a">LCM 186. Parthia, no 6, F major: Andante ; Allegro Assai ; Andante poco Adagio ; Menuett ; Rondo Allegretto -- LCM 187. Parthia, no 10, E♭ major: Adagio ; Allegro ; Menuett Grazioso ; Presto.</subfield>
  </datafield>
  <datafield tag="506" ind1="1" ind2=" ">
    <subfield code="a">Use restricted by the terms of the Moravian Music Foundation Research Policies.</subfield>
  </datafield>
  <datafield tag="594" ind1=" " ind2=" ">
    <subfield code="a">wc02</subfield>
    <subfield code="a">wd02</subfield>
    <subfield code="a">ba02</subfield>
  </datafield>
  <datafield tag="700" ind1="1" ind2=" ">
    <subfield code="a">Michael, David Moritz</subfield>
    <subfield code="d">1751-1827</subfield>
    <subfield code="t">Partitas,</subfield>
    <subfield code="n">no. 6,</subfield>
    <subfield code="r">F major.</subfield>
  </datafield>
  <datafield tag="700" ind1="1" ind2=" ">
    <subfield code="a">Michael, David Moritz</subfield>
    <subfield code="d">1751-1827</subfield>
    <subfield code="t">Partitas,</subfield>
    <subfield code="n">no. 10,</subfield>
    <subfield code="r">E♭ major.</subfield>
  </datafield>
  <datafield tag="710" ind1="2" ind2=" ">
    <subfield code="a">Moravian Music Foundation</subfield>
    <subfield code="4">cur</subfield>
  </datafield>
  <datafield tag="710" ind1="2" ind2=" ">
    <subfield code="a">Lititz Collegium Musicum (Lititz, Pa.)</subfield>
    <subfield code="4">fmo</subfield>
  </datafield>
  <datafield tag="730" ind1="0" ind2=" ">
    <subfield code="a">Lititz Collegium Musicum Collection.</subfield>
  </datafield>
  <datafield tag="852" ind1=" " ind2=" ">
    <subfield code="a">US-BETm</subfield>
    <subfield code="p">LCM 186-187 Beth ms</subfield>
  </datafield>
  <datafield tag="994" ind1=" " ind2=" ">
    <subfield code="a">C0</subfield>
    <subfield code="b">MORIA</subfield>
  </datafield>
</record>