<record>
  <leader>17162ccc a2201693Ii 4500</leader>
  <controlfield tag="001">1923025102</controlfield>
  <controlfield tag="003">OCoLC</controlfield>
  <controlfield tag="005">20160706113546.0</controlfield>
  <controlfield tag="007">qu</controlfield>
  <controlfield tag="008">151008i18011822gw muze        n    zxx d</controlfield>
  <datafield tag="031" ind1=" " ind2=" ">
    <subfield code="a">1</subfield>
    <subfield code="b">1</subfield>
    <subfield code="d">All° moderato</subfield>
    <subfield code="g">G-2</subfield>
    <subfield code="m">vl</subfield>
    <subfield code="n">bBEA</subfield>
    <subfield code="o">3/4</subfield>
    <subfield code="p">4''EEE/E-'B/B''ED/8&amp;#xdc;4'B''E/D</subfield>
    <subfield code="2">pe</subfield>
  </datafield>
  <datafield tag="031" ind1=" " ind2=" ">
    <subfield code="a">1</subfield>
    <subfield code="b">2</subfield>
    <subfield code="d">Adagio</subfield>
    <subfield code="g">G-2</subfield>
    <subfield code="m">vl</subfield>
    <subfield code="n">bBE</subfield>
    <subfield code="o">2/4</subfield>
    <subfield code="p">84.'F/Bg''E6{D3C'B}/({6A''GF)8F}{F668CC}/{D'BB}{GAA}/4A</subfield>
    <subfield code="2">pe</subfield>
  </datafield>
  <datafield tag="031" ind1=" " ind2=" ">
    <subfield code="a">1</subfield>
    <subfield code="b">3</subfield>
    <subfield code="d">Menuetto Allgretto</subfield>
    <subfield code="g">G-2</subfield>
    <subfield code="m">vl</subfield>
    <subfield code="n">bBEA</subfield>
    <subfield code="o">3/4</subfield>
    <subfield code="p">24''E'B/''GE/8{ED}4DD/D8668-{'B''C}gE{DC'B}/1''F</subfield>
    <subfield code="2">pe</subfield>
  </datafield>
  <datafield tag="031" ind1=" " ind2=" ">
    <subfield code="a">1</subfield>
    <subfield code="b">4</subfield>
    <subfield code="d">Finale Allegro</subfield>
    <subfield code="g">G-2</subfield>
    <subfield code="m">vl</subfield>
    <subfield code="n">bBEA</subfield>
    <subfield code="o">2/4</subfield>
    <subfield code="p">4.''E8G/{GFFE}/4.F8A/{AGGF}/4G</subfield>
    <subfield code="2">pe</subfield>
  </datafield>
  <datafield tag="031" ind1=" " ind2=" ">
    <subfield code="a">2</subfield>
    <subfield code="b">1</subfield>
    <subfield code="d">Allegro</subfield>
    <subfield code="g">G-2</subfield>
    <subfield code="m">vl</subfield>
    <subfield code="n">bBE</subfield>
    <subfield code="o">c/</subfield>
    <subfield code="p">2''B4.'B6{''CD}/4EEEE/8{EDC'B}2''G/8488qGF{ED}qDC{'BA}/4B</subfield>
    <subfield code="2">pe</subfield>
  </datafield>
  <datafield tag="031" ind1=" " ind2=" ">
    <subfield code="a">2</subfield>
    <subfield code="b">2</subfield>
    <subfield code="d">Adagio</subfield>
    <subfield code="g">G-2</subfield>
    <subfield code="m">vl</subfield>
    <subfield code="n">bBEA</subfield>
    <subfield code="o">2/4</subfield>
    <subfield code="p">8{'BB}/{BG}6-{GAF}/8668gG{FEE}-{GA}/4B</subfield>
    <subfield code="2">pe</subfield>
  </datafield>
  <datafield tag="031" ind1=" " ind2=" ">
    <subfield code="a">2</subfield>
    <subfield code="b">3</subfield>
    <subfield code="d">Minuetto Allegretto</subfield>
    <subfield code="g">G-2</subfield>
    <subfield code="m">vl</subfield>
    <subfield code="n">bBE</subfield>
    <subfield code="o">3/4</subfield>
    <subfield code="p">8844''{GF}/DD{FE}/CC{ED}/'B''B41G/F</subfield>
    <subfield code="2">pe</subfield>
  </datafield>
  <datafield tag="031" ind1=" " ind2=" ">
    <subfield code="a">2</subfield>
    <subfield code="b">4</subfield>
    <subfield code="d">Rondo</subfield>
    <subfield code="g">G-2</subfield>
    <subfield code="m">vl</subfield>
    <subfield code="n">bBE</subfield>
    <subfield code="o">c/</subfield>
    <subfield code="p">4''DE/CC8gE{DCDE}/2F8{GFGA}/4BF8{ECD'B}/4''C8'F-</subfield>
    <subfield code="2">pe</subfield>
  </datafield>
  <datafield tag="031" ind1=" " ind2=" ">
    <subfield code="a">3</subfield>
    <subfield code="b">1</subfield>
    <subfield code="d">Adagio (1st mvt)</subfield>
    <subfield code="g">G-2</subfield>
    <subfield code="m">vl</subfield>
    <subfield code="n">bBEA</subfield>
    <subfield code="o">3/4</subfield>
    <subfield code="p">448.6'E,B-'E/GE-G/4BGE/241,B-/'E</subfield>
    <subfield code="2">pe</subfield>
  </datafield>
  <datafield tag="031" ind1=" " ind2=" ">
    <subfield code="a">3</subfield>
    <subfield code="b">2</subfield>
    <subfield code="d">Adagio (2nd mvt)</subfield>
    <subfield code="g">G-2</subfield>
    <subfield code="m">vl</subfield>
    <subfield code="n">bBEAD</subfield>
    <subfield code="o">2/4</subfield>
    <subfield code="p">866{'A-B}{''C-D}/8gE6.3{'BAB''C}8'A-/{''E6-F}{DC'BA}/8{GAB}-</subfield>
    <subfield code="2">pe</subfield>
  </datafield>
  <datafield tag="031" ind1=" " ind2=" ">
    <subfield code="a">3</subfield>
    <subfield code="b">3</subfield>
    <subfield code="d">Minuetto Allegro</subfield>
    <subfield code="g">G-2</subfield>
    <subfield code="m">vl</subfield>
    <subfield code="n">bBEA</subfield>
    <subfield code="o">3/4</subfield>
    <subfield code="p">8{''EG}/{EGEG}{BG}/2F8&amp;#xdf;/{DFDF}/&amp;#xaf;/2E8{E'B}/4''E</subfield>
    <subfield code="2">pe</subfield>
  </datafield>
  <datafield tag="031" ind1=" " ind2=" ">
    <subfield code="a">3</subfield>
    <subfield code="b">4</subfield>
    <subfield code="d">Rondo Moderato</subfield>
    <subfield code="g">G-2</subfield>
    <subfield code="m">vl</subfield>
    <subfield code="n">bBEA</subfield>
    <subfield code="o">6/8</subfield>
    <subfield code="p">4''E8EgF{EDE}/4.'B48GE/FF8{FGF}/48E--G/A</subfield>
    <subfield code="2">pe</subfield>
  </datafield>
  <datafield tag="031" ind1=" " ind2=" ">
    <subfield code="a">4</subfield>
    <subfield code="b">1</subfield>
    <subfield code="c">1</subfield>
    <subfield code="d">Maestoso</subfield>
    <subfield code="g">G-2</subfield>
    <subfield code="m">vl</subfield>
    <subfield code="n">bB</subfield>
    <subfield code="o">c</subfield>
    <subfield code="p">8'D4DDD'8D/244DD-/=/AGF/8E4EEE8E/2E4E-</subfield>
    <subfield code="2">pe</subfield>
  </datafield>
  <datafield tag="031" ind1=" " ind2=" ">
    <subfield code="a">4</subfield>
    <subfield code="b">1</subfield>
    <subfield code="c">2</subfield>
    <subfield code="d">Maestoso</subfield>
    <subfield code="g">G-2</subfield>
    <subfield code="m">ob</subfield>
    <subfield code="n">bBE</subfield>
    <subfield code="o">c</subfield>
    <subfield code="p">=2/2''A4GF</subfield>
    <subfield code="2">pe</subfield>
  </datafield>
  <datafield tag="031" ind1=" " ind2=" ">
    <subfield code="a">4</subfield>
    <subfield code="b">2</subfield>
    <subfield code="d">Adagio</subfield>
    <subfield code="n">bB</subfield>
    <subfield code="o">2/4</subfield>
    <subfield code="p">448888''DE/{FxC}D-/GA/{BxF}G-/8.6{BA}6.3{GFED}/4xC</subfield>
    <subfield code="2">pe</subfield>
  </datafield>
  <datafield tag="031" ind1=" " ind2=" ">
    <subfield code="a">4</subfield>
    <subfield code="b">3</subfield>
    <subfield code="d">Menuetto Allegretto</subfield>
    <subfield code="g">G-2</subfield>
    <subfield code="m">vl</subfield>
    <subfield code="n">xFC</subfield>
    <subfield code="o">2/4</subfield>
    <subfield code="p">333444qq{''EDC}rD/'D-qq{''GFE}rF/'D-qq{''BAxG}rA/F4'''D''B/GEC/2.'A/4(A)-</subfield>
    <subfield code="2">pe</subfield>
  </datafield>
  <datafield tag="031" ind1=" " ind2=" ">
    <subfield code="a">4</subfield>
    <subfield code="b">4</subfield>
    <subfield code="d">Rondo Allegro</subfield>
    <subfield code="g">G-2</subfield>
    <subfield code="m">vl</subfield>
    <subfield code="n">xFC</subfield>
    <subfield code="o">2/4</subfield>
    <subfield code="p">'8A/{''DDDD}/{CE'A}A/''{GGGG}/{FAD}4D</subfield>
    <subfield code="2">pe</subfield>
  </datafield>
  <datafield tag="031" ind1=" " ind2=" ">
    <subfield code="a">5</subfield>
    <subfield code="d">Andante</subfield>
    <subfield code="g">G-2</subfield>
    <subfield code="m">vl</subfield>
    <subfield code="n">bB</subfield>
    <subfield code="o">c/</subfield>
    <subfield code="p">'''424442DDD/D--/''AAA/A--/4.8'FFFF/4F</subfield>
    <subfield code="2">pe</subfield>
  </datafield>
  <datafield tag="031" ind1=" " ind2=" ">
    <subfield code="a">6</subfield>
    <subfield code="d">Presto</subfield>
    <subfield code="g">G-2</subfield>
    <subfield code="m">vl</subfield>
    <subfield code="n">xFC</subfield>
    <subfield code="o">c</subfield>
    <subfield code="p">8{DCDC}4D-/8{DCDE}{EFEG}/{AxGAG}4A-/8{AxGAxA}{BnAnGF}/4E</subfield>
    <subfield code="2">pe</subfield>
  </datafield>
  <datafield tag="031" ind1=" " ind2=" ">
    <subfield code="a">7</subfield>
    <subfield code="d">Presto</subfield>
    <subfield code="g">G-2</subfield>
    <subfield code="m">vl</subfield>
    <subfield code="r">C</subfield>
    <subfield code="o">c/</subfield>
    <subfield code="p">2''CC/2.E8&amp;#xfd;/gD4DDDD/2C-/EE/2.G8({AGF};3)/gF4EEEE/2E-</subfield>
    <subfield code="2">pe</subfield>
  </datafield>
  <datafield tag="031" ind1=" " ind2=" ">
    <subfield code="a">8</subfield>
    <subfield code="d">Presto-Adagio</subfield>
    <subfield code="g">G-2</subfield>
    <subfield code="m">vl</subfield>
    <subfield code="n">xF</subfield>
    <subfield code="o">c/</subfield>
    <subfield code="p">4'E/B''C'B''E/ExD'BA/GExDE/8{FEFG}4F</subfield>
    <subfield code="2">pe</subfield>
  </datafield>
  <datafield tag="031" ind1=" " ind2=" ">
    <subfield code="a">9</subfield>
    <subfield code="b">1</subfield>
    <subfield code="c">1</subfield>
    <subfield code="d">Vivace</subfield>
    <subfield code="g">G-2</subfield>
    <subfield code="m">vl</subfield>
    <subfield code="n">bBE</subfield>
    <subfield code="o">c</subfield>
    <subfield code="p">2.''B8g'''C6{''BAB'''C}/8D-''B-F-D-/4'B8-,B{BBBB}/1(B)/''F</subfield>
    <subfield code="2">pe</subfield>
  </datafield>
  <datafield tag="031" ind1=" " ind2=" ">
    <subfield code="a">9</subfield>
    <subfield code="b">2</subfield>
    <subfield code="c">1</subfield>
    <subfield code="d">Andante</subfield>
    <subfield code="g">G-2</subfield>
    <subfield code="m">vl</subfield>
    <subfield code="n">bBE</subfield>
    <subfield code="o">3/4</subfield>
    <subfield code="p">''2F4D/'2B''{8.C6D}/'4BF''{8.C6D}/'2B''{8.D6F}/{8.B6G}</subfield>
    <subfield code="2">pe</subfield>
  </datafield>
  <datafield tag="031" ind1=" " ind2=" ">
    <subfield code="a">9</subfield>
    <subfield code="b">3</subfield>
    <subfield code="c">1</subfield>
    <subfield code="d">Vivace</subfield>
    <subfield code="g">G-2</subfield>
    <subfield code="m">vl</subfield>
    <subfield code="n">bBE</subfield>
    <subfield code="o">c/</subfield>
    <subfield code="p">''4B-2-/4B-6-'{B''CbD}{EFGA}/8B4B</subfield>
    <subfield code="2">pe</subfield>
  </datafield>
  <datafield tag="031" ind1=" " ind2=" ">
    <subfield code="a">10</subfield>
    <subfield code="b">1</subfield>
    <subfield code="d">Vivace</subfield>
    <subfield code="g">G-2</subfield>
    <subfield code="m">vl</subfield>
    <subfield code="n">bB</subfield>
    <subfield code="o">c</subfield>
    <subfield code="p">4''F-A-/'''C''AF-/2C4'AF/4.66E{FG}C&amp;#xde;/8F-</subfield>
    <subfield code="2">pe</subfield>
  </datafield>
  <datafield tag="031" ind1=" " ind2=" ">
    <subfield code="a">10</subfield>
    <subfield code="b">2</subfield>
    <subfield code="d">Andante con moto</subfield>
    <subfield code="g">G-2</subfield>
    <subfield code="m">vl</subfield>
    <subfield code="r">C</subfield>
    <subfield code="o">6/8</subfield>
    <subfield code="p">8.6{''EF8G}{G'''C''G}/4E8FD--/8.68888{CDE}{D'B''C}/{EFG}{FDE}/4'''C</subfield>
    <subfield code="2">pe</subfield>
  </datafield>
  <datafield tag="031" ind1=" " ind2=" ">
    <subfield code="a">10</subfield>
    <subfield code="b">3</subfield>
    <subfield code="c">1</subfield>
    <subfield code="d">Menuetto allegretto</subfield>
    <subfield code="g">G-2</subfield>
    <subfield code="m">cor</subfield>
    <subfield code="n">bB</subfield>
    <subfield code="o">3/4</subfield>
    <subfield code="p">8{'AB}/4''CCC/C'AA/G8{GF}4G/A-</subfield>
    <subfield code="2">pe</subfield>
  </datafield>
  <datafield tag="031" ind1=" " ind2=" ">
    <subfield code="a">10</subfield>
    <subfield code="b">3</subfield>
    <subfield code="c">2</subfield>
    <subfield code="d">Menuetto Allegretto-Trio</subfield>
    <subfield code="g">G-2</subfield>
    <subfield code="m">vl</subfield>
    <subfield code="n">bB</subfield>
    <subfield code="o">3/4</subfield>
    <subfield code="p">4-/=3/--''{8AG}/4FF{8GF}/4EEA/2C{8D'nB}/</subfield>
    <subfield code="2">pe</subfield>
  </datafield>
  <datafield tag="031" ind1=" " ind2=" ">
    <subfield code="a">10</subfield>
    <subfield code="b">4</subfield>
    <subfield code="d">Vivace assai</subfield>
    <subfield code="g">G-2</subfield>
    <subfield code="m">vl</subfield>
    <subfield code="n">bB</subfield>
    <subfield code="o">2/4</subfield>
    <subfield code="p">8{''FF}/4F8{A'''C}/{C''B}{GG}/8.6{GA}{8BB}/A-</subfield>
    <subfield code="2">pe</subfield>
  </datafield>
  <datafield tag="031" ind1=" " ind2=" ">
    <subfield code="a">11</subfield>
    <subfield code="b">1</subfield>
    <subfield code="d">Adagio</subfield>
    <subfield code="g">G-2</subfield>
    <subfield code="m">vl</subfield>
    <subfield code="n">xF</subfield>
    <subfield code="o">3/4</subfield>
    <subfield code="p">688888.'G/G-B--B/''C-A--C/8'B-A-A-/4G</subfield>
    <subfield code="2">pe</subfield>
  </datafield>
  <datafield tag="031" ind1=" " ind2=" ">
    <subfield code="a">11</subfield>
    <subfield code="b">2</subfield>
    <subfield code="d">Largo</subfield>
    <subfield code="g">G-2</subfield>
    <subfield code="m">ob</subfield>
    <subfield code="n">xFC</subfield>
    <subfield code="o">3/4</subfield>
    <subfield code="p">4'A/FA''D/D8C-4E/'A''EG/G8F-</subfield>
    <subfield code="2">pe</subfield>
  </datafield>
  <datafield tag="031" ind1=" " ind2=" ">
    <subfield code="a">11</subfield>
    <subfield code="b">3</subfield>
    <subfield code="d">Menuetto Allegretto</subfield>
    <subfield code="g">G-2</subfield>
    <subfield code="m">vl</subfield>
    <subfield code="n">xF</subfield>
    <subfield code="o">3/4</subfield>
    <subfield code="p">qq3{''AGF}r4G/BG'''D/2D3qq{DC''B}r4'''C/''BGG/1G</subfield>
    <subfield code="2">pe</subfield>
  </datafield>
  <datafield tag="031" ind1=" " ind2=" ">
    <subfield code="a">11</subfield>
    <subfield code="b">4</subfield>
    <subfield code="d">Allero con Spirito</subfield>
    <subfield code="g">G-2</subfield>
    <subfield code="m">vl</subfield>
    <subfield code="n">xF</subfield>
    <subfield code="o">2/4</subfield>
    <subfield code="p">8''&amp;#xdd;/{'BB}gA{G6FG}/8&amp;#xdd;{GG}/{AA}''gE{D6CD}/4'B</subfield>
    <subfield code="2">pe</subfield>
  </datafield>
  <datafield tag="031" ind1=" " ind2=" ">
    <subfield code="a">12</subfield>
    <subfield code="b">1</subfield>
    <subfield code="d">Adagio</subfield>
    <subfield code="g">G-2</subfield>
    <subfield code="m">vl</subfield>
    <subfield code="n">xF</subfield>
    <subfield code="o">3/4</subfield>
    <subfield code="p">8''D-D-D-/2.D/4D8{C'B}{A''E}/4'G8F-4-/8''C-C-C-/1C</subfield>
    <subfield code="2">pe</subfield>
  </datafield>
  <datafield tag="031" ind1=" " ind2=" ">
    <subfield code="a">12</subfield>
    <subfield code="b">2</subfield>
    <subfield code="d">Adagio Cantabile</subfield>
    <subfield code="g">G-2</subfield>
    <subfield code="m">vl</subfield>
    <subfield code="n">xFC</subfield>
    <subfield code="o">2/4</subfield>
    <subfield code="p">{'8.F3EF}{86.3GEC}/8&amp;#xdf;8A-8-/{8.A3GA}{6{B''CD'B}/{8AgA6G3FG}8F-</subfield>
    <subfield code="2">pe</subfield>
  </datafield>
  <datafield tag="031" ind1=" " ind2=" ">
    <subfield code="a">12</subfield>
    <subfield code="b">3</subfield>
    <subfield code="d">Menuetto Allegretto</subfield>
    <subfield code="g">G-2</subfield>
    <subfield code="m">vl</subfield>
    <subfield code="n">xF</subfield>
    <subfield code="o">3/4</subfield>
    <subfield code="p">8844{'B''D}/DB&amp;#xaf;/4GD'''D/DDg8D{C6''B'''C}/4''B-</subfield>
    <subfield code="2">pe</subfield>
  </datafield>
  <datafield tag="031" ind1=" " ind2=" ">
    <subfield code="a">12</subfield>
    <subfield code="b">4</subfield>
    <subfield code="d">Finale Presto</subfield>
    <subfield code="g">G-2</subfield>
    <subfield code="m">vl</subfield>
    <subfield code="n">xF</subfield>
    <subfield code="o">2/4</subfield>
    <subfield code="p">8'D/{GAB''C}/4xC8{DxD}/{ExDExC}/488D{'BB}/n''C</subfield>
    <subfield code="2">pe</subfield>
  </datafield>
  <datafield tag="031" ind1=" " ind2=" ">
    <subfield code="a">13</subfield>
    <subfield code="b">1</subfield>
    <subfield code="d">Vivace</subfield>
    <subfield code="g">G-2</subfield>
    <subfield code="m">cl</subfield>
    <subfield code="r">C</subfield>
    <subfield code="o">c</subfield>
    <subfield code="p">1'''C/C/''B/'''C/''B/4'''C-2-</subfield>
    <subfield code="2">pe</subfield>
  </datafield>
  <datafield tag="031" ind1=" " ind2=" ">
    <subfield code="a">13</subfield>
    <subfield code="b">2</subfield>
    <subfield code="d">Adagio</subfield>
    <subfield code="g">G-2</subfield>
    <subfield code="m">cl</subfield>
    <subfield code="n">bB</subfield>
    <subfield code="o">3/4</subfield>
    <subfield code="p">=15/2.''F/8.64{EF}G6{FEDC}/2.A/8.64{GtA}B6{AGFE}/8F-</subfield>
    <subfield code="2">pe</subfield>
  </datafield>
  <datafield tag="031" ind1=" " ind2=" ">
    <subfield code="a">13</subfield>
    <subfield code="b">3</subfield>
    <subfield code="d">Menuetto Allegretto</subfield>
    <subfield code="g">G-2</subfield>
    <subfield code="m">cl</subfield>
    <subfield code="r">C</subfield>
    <subfield code="o">3/4</subfield>
    <subfield code="p">3{''EF8.G}4EC/CCxC/8qE{DxCDEFG}/4F--/3{FG8.A}4FD/1C</subfield>
    <subfield code="2">pe</subfield>
  </datafield>
  <datafield tag="031" ind1=" " ind2=" ">
    <subfield code="a">13</subfield>
    <subfield code="b">4</subfield>
    <subfield code="d">Finale Vivace</subfield>
    <subfield code="g">G-2</subfield>
    <subfield code="m">cl</subfield>
    <subfield code="r">C</subfield>
    <subfield code="o">c</subfield>
    <subfield code="p">=12/4-'''C''BA/GFED/CCDD/EEFF/1(E)/2.(D)4-</subfield>
    <subfield code="2">pe</subfield>
  </datafield>
  <datafield tag="031" ind1=" " ind2=" ">
    <subfield code="a">14</subfield>
    <subfield code="b">1</subfield>
    <subfield code="d">Largo</subfield>
    <subfield code="g">G-2</subfield>
    <subfield code="m">vl</subfield>
    <subfield code="n">bBE</subfield>
    <subfield code="o">c/</subfield>
    <subfield code="p">1(,B)/4''FBAG/2.F4F/F8E6-D8{C'BAB}/4.''D8bDC-</subfield>
    <subfield code="2">pe</subfield>
  </datafield>
  <datafield tag="031" ind1=" " ind2=" ">
    <subfield code="a">14</subfield>
    <subfield code="b">2</subfield>
    <subfield code="d">Adagio</subfield>
    <subfield code="g">G-2</subfield>
    <subfield code="m">vl</subfield>
    <subfield code="n">bB</subfield>
    <subfield code="o">3/4</subfield>
    <subfield code="p">{8'Fqq3{GFE}r6.3FA}8..3{''C'A}{''D'nB}/{6''Cqq3{DC'nB}r6''CE}{GEC}4'bBA/G</subfield>
    <subfield code="2">pe</subfield>
  </datafield>
  <datafield tag="031" ind1=" " ind2=" ">
    <subfield code="a">14</subfield>
    <subfield code="b">3</subfield>
    <subfield code="d">Menuetto</subfield>
    <subfield code="g">G-2</subfield>
    <subfield code="m">vl</subfield>
    <subfield code="n">bBE</subfield>
    <subfield code="o">3/4</subfield>
    <subfield code="p">433344'F/qq{GFnE}rFBB/qq{''C'BA}rB''DD/qq{EDC}rDF8{BG}/1F</subfield>
    <subfield code="2">pe</subfield>
  </datafield>
  <datafield tag="031" ind1=" " ind2=" ">
    <subfield code="a">14</subfield>
    <subfield code="b">4</subfield>
    <subfield code="d">Finale Presto</subfield>
    <subfield code="g">G-2</subfield>
    <subfield code="m">vl</subfield>
    <subfield code="n">bBE</subfield>
    <subfield code="o">2/4</subfield>
    <subfield code="p">6{'DE}/8F{DEG}/{FB}''D6&amp;#xcd;/8E{DC'B}/{A''C}4'F</subfield>
    <subfield code="2">pe</subfield>
  </datafield>
  <datafield tag="031" ind1=" " ind2=" ">
    <subfield code="a">15</subfield>
    <subfield code="c">11</subfield>
    <subfield code="d">Andante marcato</subfield>
    <subfield code="g">G-2</subfield>
    <subfield code="m">vl</subfield>
    <subfield code="n">xFC</subfield>
    <subfield code="o">c</subfield>
    <subfield code="p">qq3{,AB'C}r4D8.33-&amp;#xde;{FFG}{A3(AB''C;3)}/4D-2-/=/qq{3,B'CxD}r4E8.-</subfield>
    <subfield code="2">pe</subfield>
  </datafield>
  <datafield tag="031" ind1=" " ind2=" ">
    <subfield code="a">15</subfield>
    <subfield code="c">2</subfield>
    <subfield code="d">Andante marcato</subfield>
    <subfield code="g">G-2</subfield>
    <subfield code="m">fl</subfield>
    <subfield code="n">xFC</subfield>
    <subfield code="o">c</subfield>
    <subfield code="p">=/4-2'''F4E/DnC''B-</subfield>
    <subfield code="2">pe</subfield>
  </datafield>
  <datafield tag="031" ind1=" " ind2=" ">
    <subfield code="a">16</subfield>
    <subfield code="b">1</subfield>
    <subfield code="d">Adagio</subfield>
    <subfield code="g">G-2</subfield>
    <subfield code="m">vl</subfield>
    <subfield code="r">C</subfield>
    <subfield code="o">c</subfield>
    <subfield code="p">6'''C/2C8C-'C-/,B-'C-D-E-/xC-D-</subfield>
    <subfield code="2">pe</subfield>
  </datafield>
  <datafield tag="031" ind1=" " ind2=" ">
    <subfield code="a">16</subfield>
    <subfield code="b">2</subfield>
    <subfield code="d">Adagio Cantabile</subfield>
    <subfield code="g">G-2</subfield>
    <subfield code="m">vl</subfield>
    <subfield code="r">a</subfield>
    <subfield code="o">6/8</subfield>
    <subfield code="p">84'E/AA668.qq{AB}r''{C'B8A}/B-''EE-'E/4A</subfield>
    <subfield code="2">pe</subfield>
  </datafield>
  <datafield tag="031" ind1=" " ind2=" ">
    <subfield code="a">16</subfield>
    <subfield code="b">3</subfield>
    <subfield code="d">Minuetto Allegro</subfield>
    <subfield code="g">G-2</subfield>
    <subfield code="m">vl</subfield>
    <subfield code="r">a</subfield>
    <subfield code="p">4''CEA/AGF/FExC/2xC4D/8'B-</subfield>
    <subfield code="2">pe</subfield>
  </datafield>
  <datafield tag="031" ind1=" " ind2=" ">
    <subfield code="a">16</subfield>
    <subfield code="b">4</subfield>
    <subfield code="d">Allegro</subfield>
    <subfield code="g">G-2</subfield>
    <subfield code="m">vl</subfield>
    <subfield code="r">C</subfield>
    <subfield code="o">2/4</subfield>
    <subfield code="p">488884'C&amp;#xdd;/{,GG}-/'D{GG}/&amp;#xcc;-</subfield>
    <subfield code="2">pe</subfield>
  </datafield>
  <datafield tag="031" ind1=" " ind2=" ">
    <subfield code="a">17</subfield>
    <subfield code="b">1</subfield>
    <subfield code="d">Adagio ma non tanto</subfield>
    <subfield code="g">G-2</subfield>
    <subfield code="m">vl</subfield>
    <subfield code="n">xFC</subfield>
    <subfield code="o">3/4</subfield>
    <subfield code="p">2'F4G/A''FE/q8E4D'FF/4.A6{BA}4G8/-</subfield>
    <subfield code="2">pe</subfield>
  </datafield>
  <datafield tag="031" ind1=" " ind2=" ">
    <subfield code="a">17</subfield>
    <subfield code="b">2</subfield>
    <subfield code="d">Allarme au camp</subfield>
    <subfield code="g">G-3</subfield>
    <subfield code="m">clno</subfield>
    <subfield code="n">xFC</subfield>
    <subfield code="o">c/</subfield>
    <subfield code="p">86.34{DDD}/!(D){DDD}!f/4D8&amp;#xfd;4,A'D</subfield>
    <subfield code="2">pe</subfield>
  </datafield>
  <datafield tag="031" ind1=" " ind2=" ">
    <subfield code="a">17</subfield>
    <subfield code="b">3</subfield>
    <subfield code="d">Andante. Harangue aux Gueriers</subfield>
    <subfield code="g">F-4</subfield>
    <subfield code="m">fag</subfield>
    <subfield code="n">bBE</subfield>
    <subfield code="o">2/4</subfield>
    <subfield code="p">%F-46-,F/8.6{'D,B}6.3{A'EC,A}/6{BFE}{DEF}8,,B6-,F/'4E</subfield>
    <subfield code="2">pe</subfield>
  </datafield>
  <datafield tag="031" ind1=" " ind2=" ">
    <subfield code="a">17</subfield>
    <subfield code="b">4</subfield>
    <subfield code="d">Allegretto. Les duex armess se rangent en ordre de bataille</subfield>
    <subfield code="g">G-2</subfield>
    <subfield code="m">vl</subfield>
    <subfield code="n">xFC</subfield>
    <subfield code="o">2/4</subfield>
    <subfield code="p">8{'D''D'D''D}/i/i/i/{'DFGxG}/4A</subfield>
    <subfield code="2">pe</subfield>
  </datafield>
  <datafield tag="031" ind1=" " ind2=" ">
    <subfield code="a">17</subfield>
    <subfield code="b">5</subfield>
    <subfield code="d">Allegro. La Bataille</subfield>
    <subfield code="g">G-2</subfield>
    <subfield code="m">vl</subfield>
    <subfield code="n">xFC</subfield>
    <subfield code="o">c</subfield>
    <subfield code="p">6{'DDDD}{CCCC}{DDDD}{,AAAA}/{'FFFF}{EEEE}{FFFF}{DDDD}/{AAAA}{FFFF}{AAAA}{''DDDD}/{FFFF}{AAAA}{FFFF}{DDDD}/4'A</subfield>
    <subfield code="2">pe</subfield>
  </datafield>
  <datafield tag="031" ind1=" " ind2=" ">
    <subfield code="a">17</subfield>
    <subfield code="b">6</subfield>
    <subfield code="d">Andante. Retour au camp</subfield>
    <subfield code="g">G-2</subfield>
    <subfield code="m">fl</subfield>
    <subfield code="n">xFC</subfield>
    <subfield code="o">2/4</subfield>
    <subfield code="p">6{''FG}/8{AA}{A6GF}/8{'''D''AAA}/6{'''DC''BA}8{GF}/{FE}4E</subfield>
    <subfield code="2">pe</subfield>
  </datafield>
  <datafield tag="031" ind1=" " ind2=" ">
    <subfield code="a">17</subfield>
    <subfield code="b">7</subfield>
    <subfield code="d">Allegro. Celebration de la victoire</subfield>
    <subfield code="g">G-2</subfield>
    <subfield code="m">vl</subfield>
    <subfield code="n">xFC</subfield>
    <subfield code="o">2/4</subfield>
    <subfield code="p">668{''DCD}{DCD}/4.E8D/{CAAA}/{BAFD}/668{DCD}{DCD}/4'B</subfield>
    <subfield code="2">pe</subfield>
  </datafield>
  <datafield tag="031" ind1=" " ind2=" ">
    <subfield code="a">18</subfield>
    <subfield code="b">1</subfield>
    <subfield code="d">Andante</subfield>
    <subfield code="g">G-2</subfield>
    <subfield code="m">cor</subfield>
    <subfield code="n">xFC</subfield>
    <subfield code="o">c/</subfield>
    <subfield code="p">2441'AAA/A/AAA/G/24.8FAA/(F)4F-</subfield>
    <subfield code="2">pe</subfield>
  </datafield>
  <datafield tag="031" ind1=" " ind2=" ">
    <subfield code="a">19</subfield>
    <subfield code="b">1</subfield>
    <subfield code="g">G-2</subfield>
    <subfield code="m">vl</subfield>
    <subfield code="r">C</subfield>
    <subfield code="o">3/4</subfield>
    <subfield code="p">8{'GGGGGG}/i//{GGGG}{GxF}/{GxF}{GGGG}/{AAAAAA}/4G-</subfield>
    <subfield code="2">pe</subfield>
  </datafield>
  <datafield tag="031" ind1=" " ind2=" ">
    <subfield code="a">20</subfield>
    <subfield code="b">1</subfield>
    <subfield code="d">Allegro</subfield>
    <subfield code="g">G-2</subfield>
    <subfield code="m">vl</subfield>
    <subfield code="r">C</subfield>
    <subfield code="o">3/4</subfield>
    <subfield code="p">4G/''EEE/GGG/C8{'AB''C'A}/4.''E8{DC'B}/4A</subfield>
    <subfield code="2">pe</subfield>
  </datafield>
  <datafield tag="031" ind1=" " ind2=" ">
    <subfield code="a">21</subfield>
    <subfield code="b">1</subfield>
    <subfield code="d">Andante</subfield>
    <subfield code="g">G-2</subfield>
    <subfield code="m">vl</subfield>
    <subfield code="n">bB</subfield>
    <subfield code="o">2/4</subfield>
    <subfield code="p">8{'AAGG}/&amp;#xff;{8.xF3GA}/8{BAGnF}/6.3{E''Cn'B''D}{6{CC'nBbB}/4A</subfield>
    <subfield code="2">pe</subfield>
  </datafield>
  <datafield tag="031" ind1=" " ind2=" ">
    <subfield code="a">22</subfield>
    <subfield code="b">1</subfield>
    <subfield code="g">G-2</subfield>
    <subfield code="m">ob</subfield>
    <subfield code="r">C</subfield>
    <subfield code="o">6/8</subfield>
    <subfield code="p">84''E/EE8{GFE}/4.D{8.G6xFnFD}/48CCDE/8{EDxC}4D-</subfield>
    <subfield code="2">pe</subfield>
  </datafield>
  <datafield tag="031" ind1=" " ind2=" ">
    <subfield code="a">23</subfield>
    <subfield code="b">1</subfield>
    <subfield code="d">Allemande</subfield>
    <subfield code="g">G-2</subfield>
    <subfield code="m">vl</subfield>
    <subfield code="n">bB</subfield>
    <subfield code="o">3/4</subfield>
    <subfield code="p">8{FG}/4AgB8{AxG}4A/i/''D8{DC'BA}/4G</subfield>
    <subfield code="2">pe</subfield>
  </datafield>
  <datafield tag="031" ind1=" " ind2=" ">
    <subfield code="a">24</subfield>
    <subfield code="b">1</subfield>
    <subfield code="c">1</subfield>
    <subfield code="d">Adagio</subfield>
    <subfield code="g">G-2</subfield>
    <subfield code="m">vl</subfield>
    <subfield code="n">bBEAD</subfield>
    <subfield code="o">c/</subfield>
    <subfield code="p">8'F4FFF8F/4F-2-/8nE4EEE8E/4E-2-/8F4F</subfield>
    <subfield code="2">pe</subfield>
  </datafield>
  <datafield tag="031" ind1=" " ind2=" ">
    <subfield code="a">24</subfield>
    <subfield code="b">1</subfield>
    <subfield code="c">2</subfield>
    <subfield code="d">Adagio</subfield>
    <subfield code="g">G-2</subfield>
    <subfield code="m">cl</subfield>
    <subfield code="n">bBEAD</subfield>
    <subfield code="o">c/</subfield>
    <subfield code="p">=/4-''DbAF/1nE/4ECBG/A</subfield>
    <subfield code="2">pe</subfield>
  </datafield>
  <datafield tag="031" ind1=" " ind2=" ">
    <subfield code="a">25</subfield>
    <subfield code="b">1</subfield>
    <subfield code="c">1</subfield>
    <subfield code="d">Poco Adagio</subfield>
    <subfield code="g">G-2</subfield>
    <subfield code="m">cl</subfield>
    <subfield code="n">bB</subfield>
    <subfield code="o">c/</subfield>
    <subfield code="p">2''D</subfield>
    <subfield code="2">pe</subfield>
  </datafield>
  <datafield tag="031" ind1=" " ind2=" ">
    <subfield code="a">25</subfield>
    <subfield code="b">1</subfield>
    <subfield code="c">2</subfield>
    <subfield code="d">Poco Adagio</subfield>
    <subfield code="g">G-2</subfield>
    <subfield code="m">vl</subfield>
    <subfield code="n">bB</subfield>
    <subfield code="o">c/</subfield>
    <subfield code="p">2-4-F/F2E4D/4..D6xC4E(-)</subfield>
    <subfield code="2">pe</subfield>
  </datafield>
  <datafield tag="031" ind1=" " ind2=" ">
    <subfield code="a">26</subfield>
    <subfield code="b">1</subfield>
    <subfield code="d">Poco Adagio</subfield>
    <subfield code="g">G-2</subfield>
    <subfield code="m">cl</subfield>
    <subfield code="n">xFC</subfield>
    <subfield code="o">c/</subfield>
    <subfield code="p">4''D8.6&amp;#xdd;4DD/2D8'A-8.64{''FG}/A&amp;#xde;F{'A''D}/2Dqq3{ED}r4C-/E</subfield>
    <subfield code="2">pe</subfield>
  </datafield>
  <datafield tag="031" ind1=" " ind2=" ">
    <subfield code="a">27</subfield>
    <subfield code="b">1</subfield>
    <subfield code="c">1</subfield>
    <subfield code="d">Poco Adagio</subfield>
    <subfield code="g">G-2</subfield>
    <subfield code="m">vl</subfield>
    <subfield code="n">bBEA</subfield>
    <subfield code="o">c/</subfield>
    <subfield code="p">8'C-E-G-E-/4C-2-/=2/</subfield>
    <subfield code="2">pe</subfield>
  </datafield>
  <datafield tag="031" ind1=" " ind2=" ">
    <subfield code="a">27</subfield>
    <subfield code="b">1</subfield>
    <subfield code="c">2</subfield>
    <subfield code="d">Poco Adagio</subfield>
    <subfield code="g">G-2</subfield>
    <subfield code="m">timp</subfield>
    <subfield code="n">bBEA</subfield>
    <subfield code="o">c/</subfield>
    <subfield code="p">=/8-6'&amp;#xcc;8&amp;#xcc;{C,G'C,G}</subfield>
    <subfield code="2">pe</subfield>
  </datafield>
  <datafield tag="031" ind1=" " ind2=" ">
    <subfield code="a">27</subfield>
    <subfield code="b">1</subfield>
    <subfield code="c">3</subfield>
    <subfield code="d">Poco Adagio</subfield>
    <subfield code="g">G-2</subfield>
    <subfield code="m">fl</subfield>
    <subfield code="n">bBEA</subfield>
    <subfield code="o">c/</subfield>
    <subfield code="p">=/24--8-'''C/{En''B'''C''xF}{GDEC}/2C4'nB-</subfield>
    <subfield code="2">pe</subfield>
  </datafield>
  <datafield tag="031" ind1=" " ind2=" ">
    <subfield code="a">28</subfield>
    <subfield code="b">1</subfield>
    <subfield code="d">Andante</subfield>
    <subfield code="g">G-2</subfield>
    <subfield code="m">vl</subfield>
    <subfield code="n">xFCGD</subfield>
    <subfield code="o">c/</subfield>
    <subfield code="p">=2/48.6''E'{GxA}B{EF}/4GnAG''C/4..'F3{AG}4F(-)</subfield>
    <subfield code="2">pe</subfield>
  </datafield>
  <datafield tag="035" ind1=" " ind2=" ">
    <subfield code="a">(OCoLC)923025102</subfield>
  </datafield>
  <datafield tag="040" ind1=" " ind2=" ">
    <subfield code="a">MORIA</subfield>
    <subfield code="b">eng</subfield>
    <subfield code="c">MORIA</subfield>
    <subfield code="d">OCLCO</subfield>
    <subfield code="d">OCLCF</subfield>
    <subfield code="d">OCLCO</subfield>
    <subfield code="d">MORIA</subfield>
    <subfield code="d">OCLCO</subfield>
    <subfield code="d">MORIA</subfield>
    <subfield code="d">OCLCO</subfield>
    <subfield code="d">MORIA</subfield>
    <subfield code="d">OCLCQ</subfield>
    <subfield code="d">OCLCO</subfield>
    <subfield code="d">MORIA</subfield>
    <subfield code="d">OCLCO</subfield>
    <subfield code="d">MORIA</subfield>
  </datafield>
  <datafield tag="047" ind1=" " ind2=" ">
    <subfield code="a">sy</subfield>
    <subfield code="a">ov</subfield>
  </datafield>
  <datafield tag="049" ind1=" " ind2=" ">
    <subfield code="a">MORA</subfield>
  </datafield>
  <datafield tag="100" ind1="0" ind2=" ">
    <subfield code="a">Anonymous</subfield>
    <subfield code="4">com</subfield>
  </datafield>
  <datafield tag="240" ind1="1" ind2="0">
    <subfield code="a">Symphonies and overtures</subfield>
    <subfield code="k">Partbooks</subfield>
  </datafield>
  <datafield tag="245" ind1="0" ind2="0">
    <subfield code="a">[Collection of symphonies and overtures in 17 partbooks /</subfield>
    <subfield code="c">by various composers].</subfield>
  </datafield>
  <datafield tag="260" ind1=" " ind2=" ">
    <subfield code="c">[between 1801 and 1822]</subfield>
  </datafield>
  <datafield tag="300" ind1=" " ind2=" ">
    <subfield code="a">17 partbooks ;</subfield>
    <subfield code="c">33 cm</subfield>
  </datafield>
  <datafield tag="336" ind1=" " ind2=" ">
    <subfield code="a">notated music</subfield>
    <subfield code="b">ntm</subfield>
    <subfield code="2">rdacontent</subfield>
  </datafield>
  <datafield tag="337" ind1=" " ind2=" ">
    <subfield code="a">unmediated</subfield>
    <subfield code="b">n</subfield>
    <subfield code="2">rdamedia</subfield>
  </datafield>
  <datafield tag="500" ind1=" " ind2=" ">
    <subfield code="a">Seventeen bound partbooks labelled: Flauto Primo, Flauto Secondo; Oboe Primo, Oboe Secondo; Clarinetto Primo, Clarinetto Secondo; Faggotti; Clarino Primo; Corno Primo, Corno Secondo; Violino Primo Principale, Violino Primo, Violino Secondo Principale, Violino Secondo; Viola; Basso Violincello (2).</subfield>
  </datafield>
  <datafield tag="500" ind1=" " ind2=" ">
    <subfield code="a">Front flyleaf, ob I book, pencil: Concert Hall. Inside front cover, bsn book, pencil: 2nd Fagotti 7 sheets. Front flyleaf, pencil: Touch not  Handle not  Taste not. Inside front cover, vln principale I book: No 2  No 5 Don Juan  No 6 Nozze di Figaro  No 14 Tancred  No 15  No 16 Bataille  No 17  No 19  No 24 Freischütz. Note: no selections from Freischütz appear in these books. Front flyleaf, pencil: 17 Book--Contents of books listed in pencil. One basso violoncello book, front flyleaf, recto, pencil: Seal [sic] not this Book  my honest friend  for fear the gallows will be  your end.  [Another hand:] Bethlehem College. Verso, pencil: 1 Basso  1 Faggotti  2 Cornos  1 Clarino  1 Viola  2 Violins  2 Clarinetti  2 Flutes  2 Oboes  14 books loaned to Rosinian March 8th 1836.</subfield>
  </datafield>
  <datafield tag="500" ind1=" " ind2=" ">
    <subfield code="a">LCM 242. Bound partbooks: Fl I, II; Ob I, II; Cl I, II; Bsn I; Clarino I; Hn I, II; Vln I(2), II(2); Vla; Vcl &amp; Basso(2).</subfield>
  </datafield>
  <datafield tag="500" ind1=" " ind2=" ">
    <subfield code="a">LCM 242. Ouverture  Pour  deux Violons, Alto &amp; Basse,  2 Flutes, 2 Hautbois,  2 Clarinettes, 2 Bassons, 2 Cors,  Trompettes &amp; Tymbales  composée par  Joseph Kueffner.  No 2  No 3999. Prix f:3.-- / à Offenbach s / m,  chez Jean André. Top inscribed: 19 [another hand:] No 242. Bound in partbooks with other symphonies and overtures. The number 19 inscribed on the tp refers to the order of this edition in the partbooks.</subfield>
  </datafield>
  <datafield tag="500" ind1=" " ind2=" ">
    <subfield code="a">LCM 243. Bound partbooks: Fl Obl; Cl or Ob I, II; Bsn; Clarino I; Hn I, II; Vln I(2), II(2); Vla; Vcl &amp; Basso(2).</subfield>
  </datafield>
  <datafield tag="500" ind1=" " ind2=" ">
    <subfield code="a">LCM 243. Ouverture  pour  2 Violons, Alto, Violoncelle et Contrebass,  1 Flûte, 2 Hautbois ou 2 Clarinettes, 1 Basson,  2 Cors, Trompettes &amp; Timbales,  composée par  Joseph Küffner.  Oeuvre 172.  [incipit]  No 4934. Edition d'après le manuscrit original. Prix f2,45 Xr.  A Offenbach s / m, chez Jean André. Seller's stamp: Sold By  Miller &amp; Osbourn:  No. 35, N. Fourth St.  Philada. Top inscribed: 20 [another hand:] No 243. Vln I, p [3]: Catalogue de la musique pour grand orchestre mise au jour jusqu'en 1825 / par Jean André d'Offenbach s / m. Bound in partbooks with other symphonies and overtures. The number 20 inscribed on the tp refers to the order of this edition in the partbooks.</subfield>
  </datafield>
  <datafield tag="500" ind1=" " ind2=" ">
    <subfield code="a">LCM 244. Bound partbooks: Fl Obl; Cl or Ob I, II; Bsn Obl; Clarino I; Hn I, II; Vln I(2), II(2); Vla; Vcl &amp; Basso(2).</subfield>
  </datafield>
  <datafield tag="500" ind1=" " ind2=" ">
    <subfield code="a">LCM 244. Ouverture  pour  2 Violons, Alto, Violoncelle et Contrebass,  1 Flûte, 2 Hautbois ou 2 Clarinettes, 1 Basson,  2 Cors, Trompettes &amp; Timbales,  composée par  Joseph Küffner.  Oeuvre 173.  [incipit]  No 4935. Edition d'après le manuscrit original. Prix f2,45 Xr.  A Offenbach s/ m, chez Jean André. Top inscribed: No 244  [another hand:] 21. Vln I p [3]: Catalogue de la musique pour grand orchestre mise au jour jusqu'en 1825  par Jean André d'Offenbach s / m. Bound in partbooks with other symphonies and overtures. The number 21 inscribed on the tp refers to the order of this edition in the partbooks.</subfield>
  </datafield>
  <datafield tag="500" ind1=" " ind2=" ">
    <subfield code="a">LCM 245-246. Bound partbooks: Fl Obl; Cl I, II; Bsn Obl; Clarino I; Hn I, II; Vln I(2), II(2); Vla; Vcl &amp; Basso(2).</subfield>
  </datafield>
  <datafield tag="500" ind1=" " ind2=" ">
    <subfield code="a">LCM 245. Ouverture  pour  2 Violons, Alto, Violoncelle et Contrebass,  1 Flûte, 2 Clarinettes, 1 Basson,  2 Cors, Trompettes &amp; Timbales,  composée par  Joseph Küffner.  Oeuvre 174.  [incipit]  No 4936. Edition d'après le manuscrit original. Prix f2,45 Xr.  A Offenbach s / m, chez Jean André. Top inscribed: 22 [another hand:] No 245. Vln I p [3]: Catalogue de la musique pour grand orchestre mise au jour jusqu'en 1825  par Jean André d'Offenbach s / m. Bound in partbooks with other symphonies and overtures. The number 22 inscribed on the tp refers to the order of this edition in the partbooks.</subfield>
  </datafield>
  <datafield tag="500" ind1=" " ind2=" ">
    <subfield code="a">LCM 246. Ouverture  pour  2 Violons, Alto, Violoncelle et Contrebass,  1 Flûte, 2 Clarinettes, 1 Basson,  2 Cors, Trompettes &amp; Timbales,  composée par  Joseph Küffner.  Oeuvre 175.  [incipit]  No 4937. Edition d'après le manuscrit original. Prix f2,45 Xr.  A Offenbach s / m, chez Jean André. Top inscribed: No 246  [another hand:] 23. Vln I p [3]: Catalogue de la musique pour grand orchestre mise au jour jusqu'en 1825  par Jean André d'Offenbach s / m. Bound in partbooks with other symphonies and overtures. The number 23 inscribed on the tp refers to the order of this edition in the partbooks.</subfield>
  </datafield>
  <datafield tag="500" ind1=" " ind2=" ">
    <subfield code="a">LCM 242--LCM 246. See also PSB 1365.1--PSB 1365.5.</subfield>
    <subfield code="5">NcWsMM</subfield>
  </datafield>
  <datafield tag="505" ind1="0" ind2=" ">
    <subfield code="a">Symphony, op 8, liv 2, E-flat major / Gyrowetz, Adalbert -- Symphony, op 9, liv 2, B-flat major / Gyrowetz, Adalbert -- Symphony, op 8, liv 3, E-flat major / Gyrowetz, Adalbert -- Symphony, op 38, D minor, B(1783) 147 and B (1784) 147 / Pleyel, Ignaz Joseph -- Overture: Don Giovanni / Mozart Wolfgang Amadeus -- Overture: Le Nozze di Figaro / Mozart, Wolfgang Amadeus -- Overture: Die Entführung aus dem Serail / Mozart, Wolfgang Amadeus and André, Johann Anton -- Presto-Adagio [transposed to E minor] Symphony, no 45, F-sharp minor, H I/45 / Haydn, Franz Joseph -- Overture: Armida / Haydn, Franz Joseph -- Symphony, no 89, F major, H I/89 / Haydn, Franz Joseph -- Symphony, no 88, G major, H I/88 / Haydn, Franz Joseph -- Symphony, no 92, G major, H I/92 / Haydn, Franz Joseph --?Symphony, C major -- Symphony, no 102, B-flat major, H I/102 / Haydn, Franz Joseph -- Overture: Tancredi / Rossini, Gioacchino Antonio -- Symphony, no 7, C major / Witt, Friedrich -- Symphony, op 11, D major: La Bataille / Neubauer, Franz Christoph -- Overture: La Clochette / Herold, Louis Joseph Ferdinand -- Entr'actes concertans, 1er recueil : 1. Polonaise ; 2. Minuetto ; 3. Andante ; 4. Romanza-Polonaise ; 5. Allemande / Küffner, Joseph -- Overture, no 2 [op. 74], F major / Küffner, Joseph -- Overture, op 172, D major / Küffner, Joseph -- Overture, op 173, D major / Küffner, Joseph -- Overture, op 174, C major / Küffner, Joseph -- Overture, op 175, E major / Küffner, Joseph.</subfield>
  </datafield>
  <datafield tag="506" ind1="1" ind2=" ">
    <subfield code="a">Use restricted by the terms of the Moravian Music Foundation Research Policies.</subfield>
  </datafield>
  <datafield tag="545" ind1=" " ind2=" ">
    <subfield code="a">LCM 239. Nazareth Verzeichniss, earliest performance listed 13 Dec 1820.</subfield>
  </datafield>
  <datafield tag="594" ind1=" " ind2=" ">
    <subfield code="a">oa</subfield>
  </datafield>
  <datafield tag="700" ind1="1" ind2=" ">
    <subfield code="a">Gyrowetz, Adalbert</subfield>
    <subfield code="d">1763-1850</subfield>
    <subfield code="t">Symphonies,</subfield>
    <subfield code="n">op. 8 (André), no. 2,</subfield>
    <subfield code="r">E♭ major.</subfield>
  </datafield>
  <datafield tag="700" ind1="1" ind2=" ">
    <subfield code="a">Gyrowetz, Adalbert</subfield>
    <subfield code="d">1763-1850</subfield>
    <subfield code="t">Symphonies,</subfield>
    <subfield code="n">op. 9 (André), no. 2,</subfield>
    <subfield code="r">E♭ major.</subfield>
  </datafield>
  <datafield tag="700" ind1="1" ind2=" ">
    <subfield code="a">Gyrowetz, Adalbert</subfield>
    <subfield code="d">1763-1850</subfield>
    <subfield code="t">Symphonies,</subfield>
    <subfield code="n">op. 8 (André), no. 3,</subfield>
    <subfield code="r">E♭ major.</subfield>
  </datafield>
  <datafield tag="700" ind1="1" ind2=" ">
    <subfield code="a">Pleyel, Ignaz</subfield>
    <subfield code="d">1757-1831</subfield>
    <subfield code="t">Symphonies,</subfield>
    <subfield code="n">B. 147,</subfield>
    <subfield code="r">D minor.</subfield>
  </datafield>
  <datafield tag="700" ind1="1" ind2=" ">
    <subfield code="a">Mozart, Wolfgang Amadeus</subfield>
    <subfield code="d">1756-1791</subfield>
    <subfield code="t">Don Giovanni.</subfield>
    <subfield code="p">Ouverture.</subfield>
  </datafield>
  <datafield tag="700" ind1="1" ind2=" ">
    <subfield code="a">Mozart, Wolfgang Amadeus</subfield>
    <subfield code="d">1756-1791</subfield>
    <subfield code="t">Nozze di Figaro.</subfield>
    <subfield code="p">Ouverture.</subfield>
  </datafield>
  <datafield tag="700" ind1="1" ind2=" ">
    <subfield code="a">Mozart, Wolfgang Amadeus</subfield>
    <subfield code="d">1756-1791</subfield>
    <subfield code="t">Entführung aus dem Serail.</subfield>
    <subfield code="p">Ouverture;</subfield>
    <subfield code="o">arranged.</subfield>
  </datafield>
  <datafield tag="700" ind1="1" ind2=" ">
    <subfield code="a">André, Johann Anton</subfield>
    <subfield code="d">1775-1842</subfield>
    <subfield code="t">Entführung aus dem Serail.</subfield>
    <subfield code="p">Ouverture;</subfield>
    <subfield code="o">arranged.</subfield>
  </datafield>
  <datafield tag="700" ind1="1" ind2=" ">
    <subfield code="a">Haydn, Joseph</subfield>
    <subfield code="d">1732-1809</subfield>
    <subfield code="t">Symphonies,</subfield>
    <subfield code="n">H. I, 45,</subfield>
    <subfield code="r">F♯ minor.</subfield>
  </datafield>
  <datafield tag="700" ind1="1" ind2=" ">
    <subfield code="a">Haydn, Joseph</subfield>
    <subfield code="d">1732-1809</subfield>
    <subfield code="t">Armida.</subfield>
    <subfield code="p">Overture.</subfield>
  </datafield>
  <datafield tag="700" ind1="1" ind2=" ">
    <subfield code="a">Haydn, Joseph</subfield>
    <subfield code="d">1732-1809</subfield>
    <subfield code="t">Symphonies,</subfield>
    <subfield code="n">H. I, 89,</subfield>
    <subfield code="r">F major.</subfield>
  </datafield>
  <datafield tag="700" ind1="1" ind2=" ">
    <subfield code="a">Haydn, Joseph</subfield>
    <subfield code="d">1732-1809</subfield>
    <subfield code="t">Symphonies,</subfield>
    <subfield code="n">H. I, 88,</subfield>
    <subfield code="r">G major.</subfield>
  </datafield>
  <datafield tag="700" ind1="1" ind2=" ">
    <subfield code="a">Haydn, Joseph</subfield>
    <subfield code="d">1732-1809</subfield>
    <subfield code="t">Symphonies,</subfield>
    <subfield code="n">H. I, 92,</subfield>
    <subfield code="r">G major.</subfield>
  </datafield>
  <datafield tag="700" ind1="1" ind2=" ">
    <subfield code="a">Haydn, Joseph</subfield>
    <subfield code="d">1732-1809</subfield>
    <subfield code="t">Symphonies,</subfield>
    <subfield code="n">H. I, 102,</subfield>
    <subfield code="r">B♭ major.</subfield>
  </datafield>
  <datafield tag="700" ind1="1" ind2=" ">
    <subfield code="a">Rossini, Gioacchino</subfield>
    <subfield code="d">1792-1868</subfield>
    <subfield code="t">Tancredi.</subfield>
    <subfield code="p">Sinfonia.</subfield>
  </datafield>
  <datafield tag="700" ind1="1" ind2=" ">
    <subfield code="a">Witt, Friedrich</subfield>
    <subfield code="d">1770-1836</subfield>
    <subfield code="t">Symphonies,</subfield>
    <subfield code="n">no. 7,</subfield>
    <subfield code="r">C major.</subfield>
  </datafield>
  <datafield tag="700" ind1="1" ind2=" ">
    <subfield code="a">Neubauer, Franz Christoph</subfield>
    <subfield code="d">1750-1795</subfield>
    <subfield code="t">Bataille.</subfield>
  </datafield>
  <datafield tag="700" ind1="1" ind2=" ">
    <subfield code="a">Hérold, Ferdinand</subfield>
    <subfield code="d">1791-1833</subfield>
    <subfield code="t">Clochette.</subfield>
    <subfield code="p">Overture.</subfield>
  </datafield>
  <datafield tag="700" ind1="1" ind2=" ">
    <subfield code="a">Küffner, Joseph</subfield>
    <subfield code="d">1776-1856</subfield>
    <subfield code="t">Entr'actes concertans, 1er recueil.</subfield>
  </datafield>
  <datafield tag="700" ind1="1" ind2=" ">
    <subfield code="a">Küffner, Joseph</subfield>
    <subfield code="d">1776-1856</subfield>
    <subfield code="t">Overtures,</subfield>
    <subfield code="n">no. 2,</subfield>
    <subfield code="r">F major.</subfield>
  </datafield>
  <datafield tag="700" ind1="1" ind2=" ">
    <subfield code="a">Küffner, Joseph</subfield>
    <subfield code="d">1776-1856</subfield>
    <subfield code="t">Overtures,</subfield>
    <subfield code="n">op. 172,</subfield>
    <subfield code="r">D major.</subfield>
  </datafield>
  <datafield tag="700" ind1="1" ind2=" ">
    <subfield code="a">Küffner, Joseph</subfield>
    <subfield code="d">1776-1856</subfield>
    <subfield code="t">Overtures,</subfield>
    <subfield code="n">op. 173,</subfield>
    <subfield code="r">D major.</subfield>
  </datafield>
  <datafield tag="700" ind1="1" ind2=" ">
    <subfield code="a">Küffner, Joseph</subfield>
    <subfield code="d">1776-1856</subfield>
    <subfield code="t">Overtures,</subfield>
    <subfield code="n">op. 174,</subfield>
    <subfield code="r">C major.</subfield>
  </datafield>
  <datafield tag="700" ind1="1" ind2=" ">
    <subfield code="a">Küffner, Joseph</subfield>
    <subfield code="d">1776-1856</subfield>
    <subfield code="t">Overtures,</subfield>
    <subfield code="n">op. 175,</subfield>
    <subfield code="r">E major.</subfield>
  </datafield>
  <datafield tag="710" ind1="2" ind2=" ">
    <subfield code="a">Moravian Music Foundation</subfield>
    <subfield code="4">cur</subfield>
  </datafield>
  <datafield tag="710" ind1="2" ind2=" ">
    <subfield code="a">Lititz Collegium Musicum (Lititz, Pa.)</subfield>
    <subfield code="4">fmo</subfield>
  </datafield>
  <datafield tag="730" ind1="0" ind2=" ">
    <subfield code="a">Lititz Collegium Musicum Collection.</subfield>
    <subfield code="k">Manuscript.</subfield>
    <subfield code="n">LCM 224-246 Beth ms/pr.</subfield>
  </datafield>
  <datafield tag="730" ind1="0" ind2=" ">
    <subfield code="a">Lititz Collegium Musicum Collection.</subfield>
  </datafield>
  <datafield tag="852" ind1=" " ind2=" ">
    <subfield code="a">US-BETm</subfield>
    <subfield code="p">LCM 224-246 Beth ms/pr</subfield>
  </datafield>
  <datafield tag="994" ind1=" " ind2=" ">
    <subfield code="a">C0</subfield>
    <subfield code="b">MORIA</subfield>
  </datafield>
</record>