<record>
  <leader>03157cdm a2200457Ii 4500</leader>
  <controlfield tag="001">1923025103</controlfield>
  <controlfield tag="003">OCoLC</controlfield>
  <controlfield tag="005">20160706113546.0</controlfield>
  <controlfield tag="007">qu</controlfield>
  <controlfield tag="008">151008s1797    xx orzd        n    ger d</controlfield>
  <datafield tag="031" ind1=" " ind2=" ">
    <subfield code="a">1</subfield>
    <subfield code="b">1</subfield>
    <subfield code="d">Coral N° 1</subfield>
    <subfield code="g">G-2</subfield>
    <subfield code="m">Dessus</subfield>
    <subfield code="n">bBEA</subfield>
    <subfield code="o">c/</subfield>
    <subfield code="p">2-'G/''C'B/AG/1F/G</subfield>
    <subfield code="t">Du dessen Augen flossen</subfield>
    <subfield code="2">pe</subfield>
  </datafield>
  <datafield tag="035" ind1=" " ind2=" ">
    <subfield code="a">(OCoLC)923025103</subfield>
  </datafield>
  <datafield tag="040" ind1=" " ind2=" ">
    <subfield code="a">MORIA</subfield>
    <subfield code="b">eng</subfield>
    <subfield code="c">MORIA</subfield>
    <subfield code="d">OCLCO</subfield>
    <subfield code="d">MORIA</subfield>
    <subfield code="d">OCLCQ</subfield>
    <subfield code="d">MORIA</subfield>
    <subfield code="d">OCLCF</subfield>
  </datafield>
  <datafield tag="049" ind1=" " ind2=" ">
    <subfield code="a">MORA</subfield>
  </datafield>
  <datafield tag="100" ind1="1" ind2=" ">
    <subfield code="a">Graun, Karl Heinrich</subfield>
    <subfield code="d">1704-1759</subfield>
    <subfield code="4">cmp</subfield>
  </datafield>
  <datafield tag="240" ind1="1" ind2="4">
    <subfield code="a">Der Tod Jesu</subfield>
  </datafield>
  <datafield tag="245" ind1="1" ind2="5">
    <subfield code="a">[Der Tod Jesu /</subfield>
    <subfield code="c">Karl Heinrich Graun].</subfield>
  </datafield>
  <datafield tag="264" ind1=" " ind2="0">
    <subfield code="a">[Place of copying not identified],</subfield>
    <subfield code="c">[approximately 1797]</subfield>
  </datafield>
  <datafield tag="300" ind1=" " ind2=" ">
    <subfield code="a">13 manuscript parts</subfield>
  </datafield>
  <datafield tag="336" ind1=" " ind2=" ">
    <subfield code="a">notated music</subfield>
    <subfield code="b">ntm</subfield>
    <subfield code="2">rdacontent</subfield>
  </datafield>
  <datafield tag="337" ind1=" " ind2=" ">
    <subfield code="a">unmediated</subfield>
    <subfield code="b">n</subfield>
    <subfield code="2">rdamedia</subfield>
  </datafield>
  <datafield tag="338" ind1=" " ind2=" ">
    <subfield code="a">sheet</subfield>
    <subfield code="b">nb</subfield>
    <subfield code="2">rdacarrier</subfield>
  </datafield>
  <datafield tag="383" ind1=" " ind2=" ">
    <subfield code="c">B:VII:2</subfield>
    <subfield code="d">Henzel</subfield>
  </datafield>
  <datafield tag="500" ind1=" " ind2=" ">
    <subfield code="a">Pts: S, A, T, B; Fl trav I, II; Bsn I, II; Vln I, II; Vla; Vcl; Fondamento(fig).</subfield>
  </datafield>
  <datafield tag="500" ind1=" " ind2=" ">
    <subfield code="a">See also PSB 5[A]</subfield>
    <subfield code="5">NcWsMM</subfield>
  </datafield>
  <datafield tag="500" ind1=" " ind2=" ">
    <subfield code="a">No title page. No captions. Front cover, S, A, pencil: 249. Last p of music, T, pencil: m1-4 of Art 159 in Christian Gregor's Choral-Buch. Inside front cover, fl &amp; bsn folder, Immanuel Nitschmann's hand: No 60. Bottom, another hand: Dem Col Mus zu Litiz gehörig. All pts copied by Immanuel Nitschmann. Coral No 1.</subfield>
  </datafield>
  <datafield tag="505" ind1="0" ind2=" ">
    <subfield code="a">LCM 249.1. Du dessen Augen flossen -- LCM 249.2. Sein Odem ist schwach -- LCM 249.3. Gethsemane! Wen hören deine Mauren -- LCM 249.4. Du Held auf den die Köcher -- LCM 249.5. Wen hab ich sonst als dich allein -- LCM 249.6. Ach mein Immanuel! -- LCM 249.7. Ein Gebet um neue Stärke -- LCM 249.8. Nun klingen Waffen -- LCM 249.9. Ihr weich geschaffnen Seelen -- LCM 249.10. Unsre Seele ist gebeuget -- LCM 249.11. Ich will von meiner Missethat -- LCM 249.12. Jerusalem voll Mordlust ruft -- LCM 249.13. So stehet ein Berg Gottes -- LCM 249.14. Christus hat uns ein Vorbild -- LCM 249.15. Ich werde dir zu Ehren -- LCM 249.16. Da steht der traurige -- LCM 249.17. Feinde die ihr mich betrübt -- LCM 249.18. Wer ist der Heilige -- LCM 249.19. Singt dem göttlichen Propheten -- LCM 249.20. Freuet euch alle ihr Frommen -- LCM 249.21. Wie herrlich ist die neue Welt -- LCM 249.22. Auf einmal fällt der aufgehaltne Schmerz -- LCM 249.23. Ihr Augen weint der Menschenfreund -- LCM 249.24. Hier liegen wir gerührte Sünder.</subfield>
  </datafield>
  <datafield tag="506" ind1="1" ind2=" ">
    <subfield code="a">Use restricted by the terms of the Moravian Music Foundation Research Policies.</subfield>
  </datafield>
  <datafield tag="545" ind1=" " ind2=" ">
    <subfield code="a">Earliest listing in Nazareth Verzeichniss: 24 Feb 1797.</subfield>
  </datafield>
  <datafield tag="594" ind1=" " ind2=" ">
    <subfield code="a">ca04</subfield>
    <subfield code="a">ob</subfield>
  </datafield>
  <datafield tag="700" ind1="1" ind2=" ">
    <subfield code="a">Nitschmann, Immanuel</subfield>
    <subfield code="d">1736-1790</subfield>
    <subfield code="4">mcp</subfield>
  </datafield>
  <datafield tag="710" ind1="2" ind2=" ">
    <subfield code="a">Moravian Music Foundation</subfield>
    <subfield code="4">cur</subfield>
  </datafield>
  <datafield tag="710" ind1="2" ind2=" ">
    <subfield code="a">Lititz Collegium Musicum (Lititz, Pa.)</subfield>
    <subfield code="4">fmo</subfield>
  </datafield>
  <datafield tag="730" ind1="0" ind2=" ">
    <subfield code="a">Lititz Collegium Musicum Collection.</subfield>
  </datafield>
  <datafield tag="787" ind1="0" ind2="8">
    <subfield code="i">Parts copied from:</subfield>
    <subfield code="a">Graun, Karl Heinrich, 1704-1759.</subfield>
    <subfield code="t">Der Tod Jesu.</subfield>
    <subfield code="d">[approximately 1797].</subfield>
    <subfield code="o">Philharmonic Society of Bethlehem Collection PSB 5[A] Beth ms/pr.</subfield>
    <subfield code="w">(OCoLC)944188509</subfield>
  </datafield>
  <datafield tag="852" ind1=" " ind2=" ">
    <subfield code="a">US-BETm</subfield>
    <subfield code="p">LCM 249 Beth ms</subfield>
  </datafield>
  <datafield tag="994" ind1=" " ind2=" ">
    <subfield code="a">C0</subfield>
    <subfield code="b">MORIA</subfield>
  </datafield>
</record>