<record>
  <leader>02703cdm a2200421Ii 4500</leader>
  <controlfield tag="001">1923025104</controlfield>
  <controlfield tag="003">OCoLC</controlfield>
  <controlfield tag="005">20160706113546.0</controlfield>
  <controlfield tag="007">qu</controlfield>
  <controlfield tag="008">151008q17561799xx chhd        n    ger d</controlfield>
  <datafield tag="031" ind1=" " ind2=" ">
    <subfield code="a">1</subfield>
    <subfield code="b">1</subfield>
    <subfield code="c">1</subfield>
    <subfield code="d">Allegro Moderato</subfield>
    <subfield code="g">G-2</subfield>
    <subfield code="m">vl</subfield>
    <subfield code="n">bBEA</subfield>
    <subfield code="o">c/</subfield>
    <subfield code="p">2.'E668{''BG}-/{GE}-{E'B}-{BG}-{GE}-</subfield>
    <subfield code="2">pe</subfield>
  </datafield>
  <datafield tag="031" ind1=" " ind2=" ">
    <subfield code="a">1</subfield>
    <subfield code="b">1</subfield>
    <subfield code="c">2</subfield>
    <subfield code="d">Allegro Moderato</subfield>
    <subfield code="g">G-2</subfield>
    <subfield code="m">Dessus</subfield>
    <subfield code="n">bBEA</subfield>
    <subfield code="o">c/</subfield>
    <subfield code="p">=13/2-4-'B/2.''E42-/--42.E/FE/=/4-'B''bD'G/4.8AA4A-</subfield>
    <subfield code="2">pe</subfield>
  </datafield>
  <datafield tag="035" ind1=" " ind2=" ">
    <subfield code="a">(OCoLC)923025104</subfield>
  </datafield>
  <datafield tag="040" ind1=" " ind2=" ">
    <subfield code="a">MORIA</subfield>
    <subfield code="b">eng</subfield>
    <subfield code="c">MORIA</subfield>
    <subfield code="d">OCLCO</subfield>
    <subfield code="d">OCLCQ</subfield>
    <subfield code="d">MORIA</subfield>
  </datafield>
  <datafield tag="049" ind1=" " ind2=" ">
    <subfield code="a">MORA</subfield>
  </datafield>
  <datafield tag="100" ind1="1" ind2=" ">
    <subfield code="a">Schmiedt, Siegfried</subfield>
    <subfield code="d">1756-1799</subfield>
    <subfield code="4">cmp</subfield>
  </datafield>
  <datafield tag="240" ind1="1" ind2="0">
    <subfield code="a">Feier des achtzehnten Jahrhunderts</subfield>
  </datafield>
  <datafield tag="245" ind1="1" ind2="4">
    <subfield code="a">Die Feier des achtzehnten Jahrhunderts ;</subfield>
    <subfield code="b">ein historisch-allegorisches Melodram /</subfield>
    <subfield code="c">Von C.F. Schlenhert,  componirt von S. Schmiedt.</subfield>
  </datafield>
  <datafield tag="254" ind1=" " ind2=" ">
    <subfield code="a">Clavier Auszug.</subfield>
  </datafield>
  <datafield tag="260" ind1=" " ind2=" ">
    <subfield code="a">[Place not identified] :</subfield>
    <subfield code="b">[publisher not identified],</subfield>
    <subfield code="c">[between 1756 and 1799]</subfield>
  </datafield>
  <datafield tag="300" ind1=" " ind2=" ">
    <subfield code="a">19 manuscript parts, Clavier Auszug</subfield>
  </datafield>
  <datafield tag="336" ind1=" " ind2=" ">
    <subfield code="a">notated music</subfield>
    <subfield code="b">ntm</subfield>
    <subfield code="2">rdacontent</subfield>
  </datafield>
  <datafield tag="337" ind1=" " ind2=" ">
    <subfield code="a">unmediated</subfield>
    <subfield code="b">n</subfield>
    <subfield code="2">rdamedia</subfield>
  </datafield>
  <datafield tag="338" ind1=" " ind2=" ">
    <subfield code="a">sheet</subfield>
    <subfield code="b">nb</subfield>
    <subfield code="2">rdacarrier</subfield>
  </datafield>
  <datafield tag="500" ind1=" " ind2=" ">
    <subfield code="a">262 [Johann Christian Till's hand:] Die Feyer des Achtzehnten Jahrhunderts  Ein historisch-allegorisches Melodram.  Von C.F. Schlenhert.  Componirt von S. Schmiedt.  Clavier Auszug. &amp; Orchestre. Clavierauszug  Soprano 1 &amp; 2  Alto  Basso  Violino 1 &amp; 2  Viola  Violincello  Basso  Corno 1 &amp; 2  Clarino  Clarinette  Flauto  Tromboni Bass  [pencil:] 17 insts. Lower right, ink: J.C. Till. Upper right: 50 c[ents?]. Copied by Johann Christian Till: Solo &amp; Ch: S, A, T, B. Cl or fl I; clarino; hn I, II; trmb B; vln I, II; vla; vcl; basso contra; Clavier Auszug. Allegro Moderato.</subfield>
  </datafield>
  <datafield tag="500" ind1=" " ind2=" ">
    <subfield code="a">Pts: Solo &amp; Ch: S, A, T, B. Ch: S, A(2), B(2). Fl or Cl I(2); Clarino; Hn I, II; Trmb B; Vln I, II; Vla; Vcl; Basso Contra.</subfield>
  </datafield>
  <datafield tag="505" ind1="0" ind2=" ">
    <subfield code="a">LCM 262.1. Erwacht des grauen Alterthums -- LCM 262.2. Allbelebend wonnegebend nahet -- LCM 262.3 Wir kommen! Wir feyern! Wir huldigen -- LCM 262.4. Ruh und Frieden den entschlafnen Müden -- LCM 262.5. Hinan in Gedränge -- LCM 262.6. Wie dies Gewölke, so zerfliesst -- LCM 262.7. Heil sey dieser Feyer.</subfield>
  </datafield>
  <datafield tag="506" ind1="1" ind2=" ">
    <subfield code="a">Use restricted by the terms of the Moravian Music Foundation Research Policies.</subfield>
  </datafield>
  <datafield tag="594" ind1=" " ind2=" ">
    <subfield code="b">va01</subfield>
    <subfield code="b">vc01</subfield>
    <subfield code="b">vd01</subfield>
    <subfield code="b">vf01</subfield>
    <subfield code="a">ca</subfield>
    <subfield code="a">oa</subfield>
  </datafield>
  <datafield tag="700" ind1="1" ind2=" ">
    <subfield code="a">Till, John C</subfield>
    <subfield code="q">(John Christian),</subfield>
    <subfield code="d">1762-1844</subfield>
    <subfield code="4">mcp</subfield>
  </datafield>
  <datafield tag="700" ind1="1" ind2=" ">
    <subfield code="a">Schlenhert, C. F</subfield>
    <subfield code="4">lbt</subfield>
  </datafield>
  <datafield tag="710" ind1="2" ind2=" ">
    <subfield code="a">Moravian Music Foundation</subfield>
    <subfield code="4">cur</subfield>
  </datafield>
  <datafield tag="710" ind1="2" ind2=" ">
    <subfield code="a">Lititz Collegium Musicum (Lititz, Pa.)</subfield>
    <subfield code="4">fmo</subfield>
  </datafield>
  <datafield tag="730" ind1="0" ind2=" ">
    <subfield code="a">Lititz Collegium Musicum Collection.</subfield>
  </datafield>
  <datafield tag="852" ind1=" " ind2=" ">
    <subfield code="a">US-BETm</subfield>
    <subfield code="p">LCM 262 Beth ms</subfield>
  </datafield>
  <datafield tag="994" ind1=" " ind2=" ">
    <subfield code="a">C0</subfield>
    <subfield code="b">MORIA</subfield>
  </datafield>
</record>