<record>
  <leader>03788cdm a2200433Ii 4500</leader>
  <controlfield tag="001">1923025132</controlfield>
  <controlfield tag="003">OCoLC</controlfield>
  <controlfield tag="005">20160706113546.0</controlfield>
  <controlfield tag="007">qu</controlfield>
  <controlfield tag="008">151008s1802    pauorzd        n    ger d</controlfield>
  <datafield tag="031" ind1=" " ind2=" ">
    <subfield code="a">1</subfield>
    <subfield code="b">1</subfield>
    <subfield code="d">Die Einleitung stellt den Uebergang vom Winter zum Frühling vor. Largo</subfield>
    <subfield code="g">G-2</subfield>
    <subfield code="m">vl</subfield>
    <subfield code="n">bBE</subfield>
    <subfield code="o">c</subfield>
    <subfield code="p">1'G/F/Et/(D)</subfield>
    <subfield code="2">pe</subfield>
  </datafield>
  <datafield tag="031" ind1=" " ind2=" ">
    <subfield code="a">2</subfield>
    <subfield code="b">1</subfield>
    <subfield code="d">Molto Allegro</subfield>
    <subfield code="g">G-2</subfield>
    <subfield code="m">Dessus</subfield>
    <subfield code="r">C</subfield>
    <subfield code="o">c</subfield>
    <subfield code="p">=3/2.4''C'G/''EC/4-8&amp;#xfd;4C'B/''C-</subfield>
    <subfield code="2">pe</subfield>
  </datafield>
  <datafield tag="035" ind1=" " ind2=" ">
    <subfield code="a">(OCoLC)923025132</subfield>
  </datafield>
  <datafield tag="040" ind1=" " ind2=" ">
    <subfield code="a">MORIA</subfield>
    <subfield code="b">eng</subfield>
    <subfield code="c">MORIA</subfield>
    <subfield code="d">OCLCO</subfield>
    <subfield code="d">OCLCQ</subfield>
    <subfield code="d">MORIA</subfield>
    <subfield code="d">OCLCF</subfield>
  </datafield>
  <datafield tag="049" ind1=" " ind2=" ">
    <subfield code="a">MORA</subfield>
  </datafield>
  <datafield tag="100" ind1="1" ind2=" ">
    <subfield code="a">Haydn, Joseph</subfield>
    <subfield code="d">1732-1809</subfield>
    <subfield code="4">cmp</subfield>
  </datafield>
  <datafield tag="240" ind1="1" ind2="0">
    <subfield code="a">Jahreszeiten</subfield>
  </datafield>
  <datafield tag="245" ind1="1" ind2="4">
    <subfield code="a">Die Jahres Zeiten /</subfield>
    <subfield code="c">nach Thomson in Musick gesetzt von Joseph Haydn.</subfield>
  </datafield>
  <datafield tag="260" ind1=" " ind2=" ">
    <subfield code="a">[Copied in Pennsylvania],</subfield>
    <subfield code="c">[after 1802]</subfield>
  </datafield>
  <datafield tag="300" ind1=" " ind2=" ">
    <subfield code="a">10 manuscript partbooks ;</subfield>
    <subfield code="c">30 cm.</subfield>
  </datafield>
  <datafield tag="336" ind1=" " ind2=" ">
    <subfield code="a">notated music</subfield>
    <subfield code="b">ntm</subfield>
    <subfield code="2">rdacontent</subfield>
  </datafield>
  <datafield tag="337" ind1=" " ind2=" ">
    <subfield code="a">unmediated</subfield>
    <subfield code="b">n</subfield>
    <subfield code="2">rdamedia</subfield>
  </datafield>
  <datafield tag="338" ind1=" " ind2=" ">
    <subfield code="a">sheet</subfield>
    <subfield code="b">nb</subfield>
    <subfield code="2">rdacarrier</subfield>
  </datafield>
  <datafield tag="500" ind1=" " ind2=" ">
    <subfield code="a">Title: Inside front cover, Vln I: Die Jahres Zeiten nach Thomson in Musick gesetzt von Joseph Haydn. Personen: Siemon, ein Pachter; Hanne, dessen Tochter; Lucas, ein junger Bauer; Landvolke; Jäger.</subfield>
  </datafield>
  <datafield tag="500" ind1=" " ind2=" ">
    <subfield code="a">All pts stitched fascicles. Instr pts have heavy paper covers. S has newspaper as cover (probably Lancaster newspaper). One article in newspaper has date line: Washington, March, 16, 1846.</subfield>
  </datafield>
  <datafield tag="500" ind1=" " ind2=" ">
    <subfield code="a">Die Einleitung stellt den Uebergang vom Winter zum Frühling vor. Largo.</subfield>
  </datafield>
  <datafield tag="500" ind1=" " ind2=" ">
    <subfield code="a">Pts: Ch: S(1-19b only. Tacet: 20-23. Remainder: blank staves); Fl I; Ob I; Bsn I; Hn I, II; Vln I, II; Vla; Vcl.</subfield>
  </datafield>
  <datafield tag="500" ind1=" " ind2=" ">
    <subfield code="a">See also PSB 18.</subfield>
    <subfield code="5">NcWsMM</subfield>
  </datafield>
  <datafield tag="505" ind1="0" ind2=" ">
    <subfield code="a">Der Frühling: 1a. Einleitung ; 1b. Seht wie der strenge Winter flieht ; 2. Komm, holder Lenz! ; 3. Vom Widder strahlet jezt ; 4. Schon eilet froh der Ackermann ; 5. Der Landmann hat sein Werk volbracht ; 6. Sey nun gnädig, milder Himmel ; 7. Erhört ist unser Flehn ; 8. O wie lieblich ist der Anblick ; 9. Ewiger! mächtiger! -- Der Sommer: 10a. Einleitung ; 10b. Im grauen Schleier rückt heran ; 10c. Der muntre Hirt versammelt ; 10d. Die Morgenröthe bricht hervor ; 11. Sie steigt herauf die Sonne ; 12. Nun regt und bewegt sich ; 13. Die Mittags Sonne brennet ; 14. Dem Druck erlieget die Natur ; 15. Willkommen jezt O dunkler Hain ; 16. Welche Labung für die Sinne! ; 17. O seht! Es steiget in der schwülen Luft ; 18. Ach das Ungewitter naht ; 19a. Die düstern Wolken trennen sich ; 19b. Von oben winkt der helle Stern -- Der Herbst: 20a. Einleitung ; 20b. Was durch seine Blüthe ; 21a. So lohnet die Natur ; 21b. O Fleiss, O edler Fleiss ; 22. Seht wie zum Haselbusche dort ; 23. Ihr Schönen aus der Stadt ; 24. Nun zeiget das entblösste Feld ; 25. Seht auf die breiten Wiesen hin! ; 26a. Hier treibt ein dichter Kreis ; 26b. Hört das laute Getön! ; 27. Am Rebenstocke blinket jezt ; 28. Juhe juhe der Wein ist da -- Der Winter: 29a. Einleitung ; 29b. Nun senket sich das blasse Jahr ; 30. Licht und Leben sind geschwächet ; 31. Gefesselt steht der breite See ; 32. Hier steht der Wandrer nun ; 33. So wie er naht ; 34. Knurre, schnurre knurre ; 35. Abgesponnen ist der Flachs ; 36. Ein Mädchen das auf Ehre hielt ; 37. Vom dürren Oste dringt ; 38a. Erblicke hier bethörter Mensch ; 38b. Die bleibt allein und leitet uns ; 39. Denn bricht der grosse Morgen an.</subfield>
  </datafield>
  <datafield tag="506" ind1="1" ind2=" ">
    <subfield code="a">Use restricted by the terms of the Moravian Music Foundation Research Policies.</subfield>
  </datafield>
  <datafield tag="594" ind1=" " ind2=" ">
    <subfield code="a">va01</subfield>
    <subfield code="a">ob</subfield>
  </datafield>
  <datafield tag="700" ind1="1" ind2=" ">
    <subfield code="a">Swieten, Gerard</subfield>
    <subfield code="c">Freiherr van,</subfield>
    <subfield code="d">1700-1772</subfield>
  </datafield>
  <datafield tag="710" ind1="2" ind2=" ">
    <subfield code="a">Moravian Music Foundation</subfield>
    <subfield code="4">cur</subfield>
  </datafield>
  <datafield tag="710" ind1="2" ind2=" ">
    <subfield code="a">Lititz Collegium Musicum (Lititz, Pa.)</subfield>
    <subfield code="4">fmo</subfield>
  </datafield>
  <datafield tag="730" ind1="0" ind2=" ">
    <subfield code="a">Lititz Collegium Musicum Collection.</subfield>
  </datafield>
  <datafield tag="852" ind1=" " ind2=" ">
    <subfield code="a">US-BETm</subfield>
    <subfield code="p">LCM [Add L Voc 4A] Beth ms</subfield>
  </datafield>
  <datafield tag="994" ind1=" " ind2=" ">
    <subfield code="a">C0</subfield>
    <subfield code="b">MORIA</subfield>
  </datafield>
</record>