<record>
  <leader>01948cdm a2200409Ii 4500</leader>
  <controlfield tag="001">1923025136</controlfield>
  <controlfield tag="003">OCoLC</controlfield>
  <controlfield tag="005">20160706113546.0</controlfield>
  <controlfield tag="007">qu</controlfield>
  <controlfield tag="008">151008q17911871pausuze        n    zxx d</controlfield>
  <datafield tag="031" ind1=" " ind2=" ">
    <subfield code="b">1</subfield>
    <subfield code="d">Allegro</subfield>
    <subfield code="g">G-2</subfield>
    <subfield code="m">cl</subfield>
    <subfield code="n">bBE</subfield>
    <subfield code="o">c/</subfield>
    <subfield code="p">2'B''C/D4-8&amp;#xde;/4FFGD/4.E848FG&amp;#xcd;/E</subfield>
    <subfield code="2">pe</subfield>
  </datafield>
  <datafield tag="031" ind1=" " ind2=" ">
    <subfield code="b">2</subfield>
    <subfield code="d">Minuet</subfield>
    <subfield code="g">G-2</subfield>
    <subfield code="m">cl</subfield>
    <subfield code="n">bBE</subfield>
    <subfield code="o">3/4</subfield>
    <subfield code="p">8{'B''D}/4FFF/8{nEFGFEF}/4FAA/BF8{'B''D}/q6G4FFF/nE</subfield>
    <subfield code="2">pe</subfield>
  </datafield>
  <datafield tag="031" ind1=" " ind2=" ">
    <subfield code="b">3</subfield>
    <subfield code="d">Adagio</subfield>
    <subfield code="g">G-2</subfield>
    <subfield code="m">cl</subfield>
    <subfield code="n">bBE</subfield>
    <subfield code="o">3/4</subfield>
    <subfield code="p">2.''F/4ED-/CCbD/{n8.D3ED}8{CCDE}/1F</subfield>
    <subfield code="2">pe</subfield>
  </datafield>
  <datafield tag="031" ind1=" " ind2=" ">
    <subfield code="b">4</subfield>
    <subfield code="d">Finale</subfield>
    <subfield code="g">G-2</subfield>
    <subfield code="m">cl</subfield>
    <subfield code="n">bBE</subfield>
    <subfield code="o">2/4</subfield>
    <subfield code="p">8{'BB}{8.Bt3AB}/{8''C'AF}-/{''CC}{8.Ct3n'B''C}/8{D'bBB}-</subfield>
    <subfield code="2">pe</subfield>
  </datafield>
  <datafield tag="035" ind1=" " ind2=" ">
    <subfield code="a">(OCoLC)923025136</subfield>
  </datafield>
  <datafield tag="040" ind1=" " ind2=" ">
    <subfield code="a">MORIA</subfield>
    <subfield code="b">eng</subfield>
    <subfield code="c">MORIA</subfield>
    <subfield code="d">OCLCO</subfield>
    <subfield code="d">OCLCF</subfield>
    <subfield code="d">MORIA</subfield>
    <subfield code="d">OCLCQ</subfield>
    <subfield code="d">MORIA</subfield>
  </datafield>
  <datafield tag="049" ind1=" " ind2=" ">
    <subfield code="a">MORA</subfield>
  </datafield>
  <datafield tag="100" ind1="1" ind2=" ">
    <subfield code="a">Morris, Joseph</subfield>
    <subfield code="4">cmp</subfield>
  </datafield>
  <datafield tag="240" ind1="1" ind2="0">
    <subfield code="a">Partitas</subfield>
    <subfield code="m">clarinets (2), bassoons (2), horns (2),</subfield>
    <subfield code="r">B♭ major</subfield>
  </datafield>
  <datafield tag="245" ind1="1" ind2="0">
    <subfield code="a">Parthia for 2 Clarinets, 2 Fagottos, &amp; 2 Horns /</subfield>
    <subfield code="c">composed by Jos. Morris.</subfield>
  </datafield>
  <datafield tag="260" ind1=" " ind2=" ">
    <subfield code="a">[Probably copied in Lititz, Pennsylvania,</subfield>
    <subfield code="c">bwteen 1791 and 1871].</subfield>
  </datafield>
  <datafield tag="300" ind1=" " ind2=" ">
    <subfield code="a">6 manuscript parts ;</subfield>
    <subfield code="c">29 cm</subfield>
  </datafield>
  <datafield tag="336" ind1=" " ind2=" ">
    <subfield code="a">notated music</subfield>
    <subfield code="b">ntm</subfield>
    <subfield code="2">rdacontent</subfield>
  </datafield>
  <datafield tag="337" ind1=" " ind2=" ">
    <subfield code="a">unmediated</subfield>
    <subfield code="b">n</subfield>
    <subfield code="2">rdamedia</subfield>
  </datafield>
  <datafield tag="500" ind1=" " ind2=" ">
    <subfield code="a">Folder: No 202  [another hand:] Parthia for  2 Clarinets  2 Fagottos  &amp; 2 Horns  composed by Jos. Morris  John Levering. Top, cl I, pencil: 202. All pts copied by John Levering.</subfield>
  </datafield>
  <datafield tag="500" ind1=" " ind2=" ">
    <subfield code="a">Pts: Cl I, II; Bsn I, II; Hn I, II.</subfield>
  </datafield>
  <datafield tag="505" ind1="0" ind2=" ">
    <subfield code="a">Allegro -- Minuet -- Adagio -- Finale.</subfield>
  </datafield>
  <datafield tag="506" ind1="1" ind2=" ">
    <subfield code="a">Use restricted by the terms of the Moravian Music Foundation Research Policies.</subfield>
  </datafield>
  <datafield tag="594" ind1=" " ind2=" ">
    <subfield code="a">wc02</subfield>
    <subfield code="a">wd02</subfield>
    <subfield code="a">ba02</subfield>
  </datafield>
  <datafield tag="700" ind1="1" ind2=" ">
    <subfield code="a">Levering, John</subfield>
    <subfield code="4">mcp</subfield>
  </datafield>
  <datafield tag="710" ind1="2" ind2=" ">
    <subfield code="a">Moravian Music Foundation</subfield>
    <subfield code="4">cur</subfield>
  </datafield>
  <datafield tag="710" ind1="2" ind2=" ">
    <subfield code="a">Lititz Collegium Musicum (Lititz, Pa.)</subfield>
    <subfield code="4">fmo</subfield>
  </datafield>
  <datafield tag="730" ind1="0" ind2=" ">
    <subfield code="a">Lititz Collegium Musicum Collection.</subfield>
  </datafield>
  <datafield tag="852" ind1=" " ind2=" ">
    <subfield code="a">US-BETm</subfield>
    <subfield code="p">LCM 202 Beth ms</subfield>
  </datafield>
  <datafield tag="994" ind1=" " ind2=" ">
    <subfield code="a">C0</subfield>
    <subfield code="b">MORIA</subfield>
  </datafield>
</record>