<record>
  <leader>02286cdm a2200397Ii 4500</leader>
  <controlfield tag="001">1923025165</controlfield>
  <controlfield tag="003">OCoLC</controlfield>
  <controlfield tag="005">20160706113546.0</controlfield>
  <controlfield tag="007">qu</controlfield>
  <controlfield tag="008">151008s1807    xx cthd        n    lat d</controlfield>
  <datafield tag="031" ind1=" " ind2=" ">
    <subfield code="a">1</subfield>
    <subfield code="b">1</subfield>
    <subfield code="d">Adagio</subfield>
    <subfield code="g">G-2</subfield>
    <subfield code="m">Dessus</subfield>
    <subfield code="r">C</subfield>
    <subfield code="o">2/4</subfield>
    <subfield code="p">4GG/8.6{GA}8G-/=2/4A8AA/8.6{AbB}8A-/=2/{8G6AB}8''CC/4''C'B</subfield>
    <subfield code="2">pe</subfield>
  </datafield>
  <datafield tag="035" ind1=" " ind2=" ">
    <subfield code="a">(OCoLC)923025165</subfield>
  </datafield>
  <datafield tag="040" ind1=" " ind2=" ">
    <subfield code="a">MORIA</subfield>
    <subfield code="b">eng</subfield>
    <subfield code="c">MORIA</subfield>
    <subfield code="d">OCLCO</subfield>
    <subfield code="d">OCLCQ</subfield>
    <subfield code="d">MORIA</subfield>
  </datafield>
  <datafield tag="049" ind1=" " ind2=" ">
    <subfield code="a">MORA</subfield>
  </datafield>
  <datafield tag="100" ind1="1" ind2=" ">
    <subfield code="a">Romberg, Andreas</subfield>
    <subfield code="d">1767-1821</subfield>
    <subfield code="4">cmp</subfield>
  </datafield>
  <datafield tag="240" ind1="1" ind2="0">
    <subfield code="a">Pater noster</subfield>
  </datafield>
  <datafield tag="245" ind1="1" ind2="0">
    <subfield code="a">Pater noster /</subfield>
    <subfield code="c">in Musik gesetzt von Andreas Romberg Seiner Durchlaucht dem Herrn Fürsten Nicolaus Esterhazy von Galantha unterthänigst zugeeignet. Organo  Soprano  Tenore  Bass  Violino 1 &amp; 2  Viola  Violincello  Oboi 1 &amp; 2  Corni 1 &amp; 2  Fagotti 1 &amp; 2  Clarinetti 1 &amp; 2..</subfield>
  </datafield>
  <datafield tag="260" ind1=" " ind2=" ">
    <subfield code="a">[Place not identified] :</subfield>
    <subfield code="b">[publisher not identified],</subfield>
    <subfield code="c">[after 1807]</subfield>
  </datafield>
  <datafield tag="300" ind1=" " ind2=" ">
    <subfield code="a">15 manuscript parts, organ-vocal score</subfield>
  </datafield>
  <datafield tag="336" ind1=" " ind2=" ">
    <subfield code="a">notated music</subfield>
    <subfield code="b">ntm</subfield>
    <subfield code="2">rdacontent</subfield>
  </datafield>
  <datafield tag="337" ind1=" " ind2=" ">
    <subfield code="a">unmediated</subfield>
    <subfield code="b">n</subfield>
    <subfield code="2">rdamedia</subfield>
  </datafield>
  <datafield tag="338" ind1=" " ind2=" ">
    <subfield code="a">sheet</subfield>
    <subfield code="b">nb</subfield>
    <subfield code="2">rdacarrier</subfield>
  </datafield>
  <datafield tag="383" ind1=" " ind2=" ">
    <subfield code="b">op. 24</subfield>
  </datafield>
  <datafield tag="500" ind1=" " ind2=" ">
    <subfield code="a">No. 261 [Johann Christian Till's hand:] Pater noster in Musik gesetzt von Andreas Romberg Seiner Durchlaucht dem Herrn Fürsten Nicolaus Esterhazy von Galantha unterthänigst zugeeignet. Organo  Soprano  Tenore  Bass  Violino 1 &amp; 2  Viola  Violincello  Oboi 1 &amp; 2  Corni 1 &amp; 2  Fagotti 1 &amp; 2  Clarinetti 1 &amp; 2. Upper right: 25 [?cents]. Organ-vocal score. Organ-vocal score and all pts copied by Johann Christian Till. Adagio.</subfield>
  </datafield>
  <datafield tag="500" ind1=" " ind2=" ">
    <subfield code="a">Pts: S, T, B; Ob I, II; Cl I, II; Bsn[I &amp; II]; Hn I, II; Vln I, II; Vla; Vcl.</subfield>
  </datafield>
  <datafield tag="505" ind1="0" ind2=" ">
    <subfield code="a">LCM 261.1. Pater noster, qui es in coelis, sanctificetur -- LCM 261.2 Pleni sunt coeli et terra -- LCM 261.3. Pater noster, qui es in coelis, miserere.</subfield>
  </datafield>
  <datafield tag="506" ind1="1" ind2=" ">
    <subfield code="a">Use restricted by the terms of the Moravian Music Foundation Research Policies.</subfield>
  </datafield>
  <datafield tag="594" ind1=" " ind2=" ">
    <subfield code="a">ca03</subfield>
    <subfield code="a">oa</subfield>
  </datafield>
  <datafield tag="700" ind1="1" ind2=" ">
    <subfield code="a">Till, John C</subfield>
    <subfield code="q">(John Christian),</subfield>
    <subfield code="d">1762-1844</subfield>
    <subfield code="4">mcp</subfield>
  </datafield>
  <datafield tag="710" ind1="2" ind2=" ">
    <subfield code="a">Moravian Music Foundation</subfield>
    <subfield code="4">cur</subfield>
  </datafield>
  <datafield tag="710" ind1="2" ind2=" ">
    <subfield code="a">Lititz Collegium Musicum (Lititz, Pa.)</subfield>
    <subfield code="4">fmo</subfield>
  </datafield>
  <datafield tag="730" ind1="0" ind2=" ">
    <subfield code="a">Lititz Collegium Musicum Collection.</subfield>
  </datafield>
  <datafield tag="852" ind1=" " ind2=" ">
    <subfield code="a">US-BETm</subfield>
    <subfield code="p">LCM 261 Beth ms</subfield>
  </datafield>
  <datafield tag="994" ind1=" " ind2=" ">
    <subfield code="a">C0</subfield>
    <subfield code="b">MORIA</subfield>
  </datafield>
</record>