<record>
  <leader>02253cdm a2200385Ii 4500</leader>
  <controlfield tag="001">1923025169</controlfield>
  <controlfield tag="003">OCoLC</controlfield>
  <controlfield tag="005">20160706113546.0</controlfield>
  <controlfield tag="007">qu</controlfield>
  <controlfield tag="008">151008q18041826xx cthd        n    ger d</controlfield>
  <datafield tag="031" ind1=" " ind2=" ">
    <subfield code="a">1</subfield>
    <subfield code="b">1</subfield>
    <subfield code="d">Larghetto</subfield>
    <subfield code="g">F-4</subfield>
    <subfield code="m">vla</subfield>
    <subfield code="n">bB</subfield>
    <subfield code="o">2/4</subfield>
    <subfield code="p">%F-428.624'D-D/,A-/A-A/A-/4G</subfield>
    <subfield code="2">pe</subfield>
  </datafield>
  <datafield tag="035" ind1=" " ind2=" ">
    <subfield code="a">(OCoLC)923025169</subfield>
  </datafield>
  <datafield tag="040" ind1=" " ind2=" ">
    <subfield code="a">MORIA</subfield>
    <subfield code="b">eng</subfield>
    <subfield code="c">MORIA</subfield>
    <subfield code="d">OCLCO</subfield>
    <subfield code="d">OCLCQ</subfield>
    <subfield code="d">MORIA</subfield>
  </datafield>
  <datafield tag="049" ind1=" " ind2=" ">
    <subfield code="a">MORA</subfield>
  </datafield>
  <datafield tag="100" ind1="1" ind2=" ">
    <subfield code="a">Danzi, Franz</subfield>
    <subfield code="d">1763-1826</subfield>
    <subfield code="4">cmp</subfield>
  </datafield>
  <datafield tag="240" ind1="1" ind2="0">
    <subfield code="a">Freudenfest</subfield>
  </datafield>
  <datafield tag="245" ind1="1" ind2="4">
    <subfield code="a">Das Freudenfest /</subfield>
    <subfield code="c">Clavier Auszug.</subfield>
  </datafield>
  <datafield tag="254" ind1=" " ind2=" ">
    <subfield code="a">Clavier Auszug, manuscript parts</subfield>
  </datafield>
  <datafield tag="260" ind1=" " ind2=" ">
    <subfield code="a">[Place not identified] :</subfield>
    <subfield code="b">[publisher not identified],</subfield>
    <subfield code="c">[between 1804 and 1826]</subfield>
  </datafield>
  <datafield tag="300" ind1=" " ind2=" ">
    <subfield code="a">15 manuscript parts, Clavier Auszug</subfield>
  </datafield>
  <datafield tag="336" ind1=" " ind2=" ">
    <subfield code="a">notated music</subfield>
    <subfield code="b">ntm</subfield>
    <subfield code="2">rdacontent</subfield>
  </datafield>
  <datafield tag="337" ind1=" " ind2=" ">
    <subfield code="a">unmediated</subfield>
    <subfield code="b">n</subfield>
    <subfield code="2">rdamedia</subfield>
  </datafield>
  <datafield tag="338" ind1=" " ind2=" ">
    <subfield code="a">sheet</subfield>
    <subfield code="b">nb</subfield>
    <subfield code="2">rdacarrier</subfield>
  </datafield>
  <datafield tag="500" ind1=" " ind2=" ">
    <subfield code="a">No 258 [Johann Christian Till's hand:] Cantata Das Freuden Fest von Fr. Danzi. Clavier Auszug. mit vollständigem Orchestre. Soprano Alto  Basso  Viola  Flauto  Obi 1 &amp; 2  Coni 1 &amp; 2  Fagott 1 &amp; 2. Upper right, another hand: 50 [?cents]. Clavier Auszug and all pts except vln II and [basso] copied by Johann Christian Till. Larghetto.</subfield>
  </datafield>
  <datafield tag="500" ind1=" " ind2=" ">
    <subfield code="a">Pts: Solo &amp; Ch: S, B. Ch: A. Fl; Ob &amp; Cl I &amp; II; Bsn[I &amp; II]; Hn[I &amp; II]; Vln II; Vla; [Basso].</subfield>
  </datafield>
  <datafield tag="505" ind1="0" ind2=" ">
    <subfield code="a">LCM 258.1. Overture -- LCM 258.2. Sammlet euch Freunde zur heutigen Weihe -- LCM 258.3. Die Göttin hat sich bey uns eingefunden -- LCM 258.4. Wem dankt die Tugend ihren Frieden? -- LCM 258.5. Nur immer gut zu handeln, gut zu seyn -- LCM 258.6. Freunde lasst nicht Geiz und Neid -- LCM 258.7. Heiss flammt mir im bewegten Busen -- LCM 258.8. Dieses Tages schöne Feuer -- LCM 258.9. Der entgeht dem wilden Schmerz -- LCM 258.10. Seelenheiterkeit und Ruh.</subfield>
  </datafield>
  <datafield tag="506" ind1="1" ind2=" ">
    <subfield code="a">Use restricted by the terms of the Moravian Music Foundation Research Policies.</subfield>
  </datafield>
  <datafield tag="594" ind1=" " ind2=" ">
    <subfield code="b">va01</subfield>
    <subfield code="b">vf01</subfield>
    <subfield code="b">ca01</subfield>
    <subfield code="a">ca</subfield>
    <subfield code="a">ob</subfield>
  </datafield>
  <datafield tag="700" ind1="1" ind2=" ">
    <subfield code="a">Till, John C</subfield>
    <subfield code="q">(John Christian),</subfield>
    <subfield code="d">1762-1844</subfield>
    <subfield code="4">mcp</subfield>
  </datafield>
  <datafield tag="710" ind1="2" ind2=" ">
    <subfield code="a">Moravian Music Foundation</subfield>
    <subfield code="4">cur</subfield>
  </datafield>
  <datafield tag="710" ind1="2" ind2=" ">
    <subfield code="a">Lititz Collegium Musicum (Lititz, Pa.)</subfield>
    <subfield code="4">fmo</subfield>
  </datafield>
  <datafield tag="730" ind1="0" ind2=" ">
    <subfield code="a">Lititz Collegium Musicum Collection.</subfield>
  </datafield>
  <datafield tag="852" ind1=" " ind2=" ">
    <subfield code="a">US-BETm</subfield>
    <subfield code="p">LCM 258 Beth ms</subfield>
  </datafield>
  <datafield tag="994" ind1=" " ind2=" ">
    <subfield code="a">C0</subfield>
    <subfield code="b">MORIA</subfield>
  </datafield>
</record>