<record>
  <leader>05346cdm a2200469Ii 4500</leader>
  <controlfield tag="001">1923025175</controlfield>
  <controlfield tag="003">OCoLC</controlfield>
  <controlfield tag="005">20160706113546.0</controlfield>
  <controlfield tag="007">qu</controlfield>
  <controlfield tag="008">151008q18091837gw orhd        n    ger d</controlfield>
  <datafield tag="031" ind1=" " ind2=" ">
    <subfield code="a">1</subfield>
    <subfield code="b">1</subfield>
    <subfield code="d">N° 1. Einleitung. Die Vorstellung des Chaos. Largo</subfield>
    <subfield code="g">G-2</subfield>
    <subfield code="m">vl</subfield>
    <subfield code="n">bBEA</subfield>
    <subfield code="o">c/</subfield>
    <subfield code="p">1('C)/=/2.''F4xF/GAGD/2E-</subfield>
    <subfield code="2">pe</subfield>
  </datafield>
  <datafield tag="031" ind1=" " ind2=" ">
    <subfield code="a">2</subfield>
    <subfield code="b">1</subfield>
    <subfield code="d">Creation. The Marv'lous Work (Haydn)</subfield>
    <subfield code="g">G-2</subfield>
    <subfield code="m">Dessus</subfield>
    <subfield code="r">C</subfield>
    <subfield code="o">c</subfield>
    <subfield code="p">=3/2488---'G/''C'C-G/8''CCDE8.F6D8'B-</subfield>
    <subfield code="2">pe</subfield>
  </datafield>
  <datafield tag="035" ind1=" " ind2=" ">
    <subfield code="a">(OCoLC)923025175</subfield>
  </datafield>
  <datafield tag="040" ind1=" " ind2=" ">
    <subfield code="a">MORIA</subfield>
    <subfield code="b">eng</subfield>
    <subfield code="c">MORIA</subfield>
    <subfield code="d">OCLCO</subfield>
    <subfield code="d">OCLCQ</subfield>
    <subfield code="d">MORIA</subfield>
    <subfield code="d">OCLCF</subfield>
    <subfield code="d">MORIA</subfield>
  </datafield>
  <datafield tag="049" ind1=" " ind2=" ">
    <subfield code="a">MORA</subfield>
  </datafield>
  <datafield tag="100" ind1="1" ind2=" ">
    <subfield code="a">Haydn, Joseph</subfield>
    <subfield code="d">1732-1809</subfield>
    <subfield code="4">cmp</subfield>
  </datafield>
  <datafield tag="240" ind1="1" ind2="4">
    <subfield code="a">Die Schöpfung</subfield>
  </datafield>
  <datafield tag="245" ind1="1" ind2="4">
    <subfield code="a">Die Schöpfung :</subfield>
    <subfield code="b">ein Oratorium /</subfield>
    <subfield code="c">In Musik gesetzt von Joseph Haydn.</subfield>
  </datafield>
  <datafield tag="264" ind1=" " ind2="0">
    <subfield code="a">[Copied in Lititz, Pennsylvania,</subfield>
    <subfield code="c">between 1809 and 1837]</subfield>
  </datafield>
  <datafield tag="300" ind1=" " ind2=" ">
    <subfield code="a">33 manuscript parts</subfield>
  </datafield>
  <datafield tag="336" ind1=" " ind2=" ">
    <subfield code="a">notated music</subfield>
    <subfield code="b">ntm</subfield>
    <subfield code="2">rdacontent</subfield>
  </datafield>
  <datafield tag="337" ind1=" " ind2=" ">
    <subfield code="a">unmediated</subfield>
    <subfield code="b">n</subfield>
    <subfield code="2">rdamedia</subfield>
  </datafield>
  <datafield tag="338" ind1=" " ind2=" ">
    <subfield code="a">sheet</subfield>
    <subfield code="b">nb</subfield>
    <subfield code="2">rdacarrier</subfield>
  </datafield>
  <datafield tag="500" ind1=" " ind2=" ">
    <subfield code="a">Caption title from Vln I part.</subfield>
  </datafield>
  <datafield tag="500" ind1=" " ind2=" ">
    <subfield code="a">All instr pts copied by Johanna Maria Weber. Of voice pts, only 1A and 1T are complete.  Some manuscript parts added over time.</subfield>
  </datafield>
  <datafield tag="500" ind1=" " ind2=" ">
    <subfield code="a">Diarium der Gemeine in Litiz, Sunday 29 Oct 1837: " ... Abends um 1/2 7 wurde ein Lobgesang (No 20) gesungen. Bald darauf wurde von unsern Musikern auf dem Conzert Saal, vor einer grossen Gesellschaft, der zweite Theil von Haydn's berühmten Oratorio, Die Schöpfung, aufgeführt." No 1. Einleitung. Die Vorstellung des Chaos. Largo.</subfield>
  </datafield>
  <datafield tag="500" ind1=" " ind2=" ">
    <subfield code="a">Pr Klavierauszug: La Creazione del Mondo / Oratorio / di / Giuseppe Haydn. / J. Haydn's / Oratorium / Die Schöpfung. / Im Klavierauszug / von / A.E. Müller / Leipzig / bey Breitkopf und Härtel / Pr. 3 Thlr. [PN: 652] Inscribed: Krakau. Front flyleaf: HB. Tshudy. Pencil, upper right: Jacob B. Tshudy. Label pasted to front cover: The Creation / by Joseph Haydn. / This oratorio was performed by the / Lititz musicians, in the Concert Hall, / in 1836, under the direction of Rev. Charles / F. Kluge, who played the piano part. / Miss Lucia Benade sang the part of Eve, / William Hall that of Adam. Among the / chorus were the boys Oliver Tombler and / Samuel Beck. Some of the orchestra / players were John William Rauch, I / violin; Jacob B. Tshudy, II violin; Jacob / Miller, viola; Christian H. Rauch, violon-cello; Florian Loudy and John Rickseck-er, French Horns; Rufus A. Grider, flute; / John Levering, clarionet; Jacob Grider, bassoon. / Other players and singers unknown. Pr Klavierauszug.</subfield>
  </datafield>
  <datafield tag="500" ind1=" " ind2=" ">
    <subfield code="a">Pts(ms): [S]Gabriel, [T]Uriel, [B]Raphael. Ch: S, A(2), T(2), B. Fl I, II, III; Ob I, II; Cl I, II; Bsn I, II, Contra; Clarino I, II; Hn I, II; Trmb I, II; Timp; Vln I, II; Vla I, II; Vcl I, II; Basso.</subfield>
  </datafield>
  <datafield tag="500" ind1=" " ind2=" ">
    <subfield code="a">See also PSB 17[.1A] and PSB 17[.1B].</subfield>
    <subfield code="5">NcWsMM</subfield>
  </datafield>
  <datafield tag="505" ind1="0" ind2=" ">
    <subfield code="a">Theil I: 1. Einleitung ; 2a. Im Anfange schuf Gott ; 2b. Und der Geist Gottes ; 2c. Und Gott sah das licht ; 3a. Nun schwanden vor dem heiligen Strahle ; 3b. Erstarrt entflieht der Höllengeister Schaar ; 4a. Und Gott machte das Firmament ; 4b. Da tobten brausend heftige Stürme ; 5. Mit Staunen sieht das Wunderwerk ; 6. Und Gott sprach: es sammle sich das Wasser ; 7. Rollend in schäumenden Wellen ; 8. Und Gott sprach: Es bringe die Erde Gras hervor ; 9. Nun beut die Flur das frische Grün ; 10. Und die himmlischen Heerschaaren ; 11. Stimmt an die Saiten, ergreift die Leyer! ; 12. Und Gott sprach: Es seyn Lichter ; 13. In vollem Glanze ; 14. Die Himmel erzählen -- Zweyter Theil: 15. Und Gott sprach: Es bringe das Wasser in der Fülle hervor ; 16. Auf starkem Fittige ; 17. Und Gott schuf grosse Wallfische ; 18. Und die Engel rührten ; 19. In holder Anmuth stehn ; 20. Der herr ist gross ; 21. Und Gott sprach: Es bringe die Erde hervor lebende Geschöpfe ; 22. Gleich öffnet sich der Erde Schooss ; 23. Nun scheint in vollem Glanze ; 24. Und Gott schuf den menschen ; 25. Mit Würd' und Hoheit ; 26. Und Gott sah jedes Ding ; 27a. Vollendet ist das grosse Werk; der Schöpfer ; 27b. Zu dir, o Herr ; 27c. Vollendet ist das grosse Werk. Des Herren Lob -- Dritter Theil: 28. Aus Rosenwolken bricht ; 29. Von deiner Güt ; 30a. Der Sterne Hellster ; 30b. Heil dir, o Gott! ; 31. Nun ist die erste Pflicht erfüllt ; 32a. Holde Gattin! ; 32b. Der thauende Morgen ; 33. O glücklich Paar ; 34. Singt dem Herren alle Stimmen!</subfield>
  </datafield>
  <datafield tag="506" ind1="1" ind2=" ">
    <subfield code="a">Use restricted by the terms of the Moravian Music Foundation Research Policies.</subfield>
  </datafield>
  <datafield tag="594" ind1=" " ind2=" ">
    <subfield code="b">va01</subfield>
    <subfield code="b">vd01</subfield>
    <subfield code="b">vf01</subfield>
    <subfield code="a">ca04</subfield>
    <subfield code="a">oa</subfield>
  </datafield>
  <datafield tag="700" ind1="1" ind2=" ">
    <subfield code="a">Weber, Johanna Maria</subfield>
    <subfield code="4">mcp</subfield>
  </datafield>
  <datafield tag="710" ind1="2" ind2=" ">
    <subfield code="a">Moravian Music Foundation</subfield>
    <subfield code="4">cur</subfield>
  </datafield>
  <datafield tag="710" ind1="2" ind2=" ">
    <subfield code="a">Lititz Collegium Musicum (Lititz, Pa.)</subfield>
    <subfield code="4">fmo</subfield>
  </datafield>
  <datafield tag="730" ind1="0" ind2=" ">
    <subfield code="a">Lititz Collegium Musicum Collection.</subfield>
  </datafield>
  <datafield tag="787" ind1="0" ind2="8">
    <subfield code="i">Printed vocal score from this set:</subfield>
    <subfield code="a">Haydn, Joseph, 1732-1809.</subfield>
    <subfield code="s">Schöpfung. Vocal score. Italian &amp; German.</subfield>
    <subfield code="t">La creazione del mondo.</subfield>
    <subfield code="d">Leipzig : Breitkopf und Härtel [1809].</subfield>
    <subfield code="o">Lititz Collegium Musicum Collection LCM [Add L Voc 1A] Beth ms/pr.</subfield>
    <subfield code="w">(OCoLC)19569924</subfield>
  </datafield>
  <datafield tag="787" ind1="0" ind2="8">
    <subfield code="i">Parts probably copied from:</subfield>
    <subfield code="a">Haydn, Joseph, 1732-1809.</subfield>
    <subfield code="s">Schöpfung.</subfield>
    <subfield code="t">Die Schöpfung : ein Oratorium.</subfield>
    <subfield code="d">[copied 1811 through1839].</subfield>
    <subfield code="o">Philharmonic Society of Bethlehem Collection PSB 17[.1A] Beth ms/pr.</subfield>
    <subfield code="w">(OCoLC)944189862</subfield>
  </datafield>
  <datafield tag="852" ind1=" " ind2=" ">
    <subfield code="a">US-BETm</subfield>
    <subfield code="p">LCM [Add L Voc 1A] Beth ms/pr</subfield>
  </datafield>
  <datafield tag="994" ind1=" " ind2=" ">
    <subfield code="a">C0</subfield>
    <subfield code="b">MORIA</subfield>
  </datafield>
</record>