<record>
  <leader>04187cdm a2200601Ii 4500</leader>
  <controlfield tag="001">1923025183</controlfield>
  <controlfield tag="003">OCoLC</controlfield>
  <controlfield tag="005">20160706113546.0</controlfield>
  <controlfield tag="007">qu</controlfield>
  <controlfield tag="008">151008q17791786xx uuze        n    zxx d</controlfield>
  <datafield tag="031" ind1=" " ind2=" ">
    <subfield code="a">1</subfield>
    <subfield code="b">1</subfield>
    <subfield code="d">All° Moderato</subfield>
    <subfield code="g">G-2</subfield>
    <subfield code="m">vl</subfield>
    <subfield code="n">bBE</subfield>
    <subfield code="o">c/</subfield>
    <subfield code="p">8.6{'FF}/8&amp;#xbf;2''D8{EC}/6{FGA''B}2F6{ECEC}/{DFGF}{EDC'B}{''CEFE}{DC'BA}/q''C4'B</subfield>
    <subfield code="2">pe</subfield>
  </datafield>
  <datafield tag="031" ind1=" " ind2=" ">
    <subfield code="a">1</subfield>
    <subfield code="b">2</subfield>
    <subfield code="d">Tempo di Menuetto grazioso</subfield>
    <subfield code="g">G-2</subfield>
    <subfield code="m">vl</subfield>
    <subfield code="n">bBE</subfield>
    <subfield code="o">3/4</subfield>
    <subfield code="p">2'Bq6''C{8.Ct3'B''C}/4D'Bq6''D{8.Ct3'B''C}/8{D'B}4.''E8C/{'BA''EC'BA}/4B</subfield>
    <subfield code="2">pe</subfield>
  </datafield>
  <datafield tag="031" ind1=" " ind2=" ">
    <subfield code="a">2</subfield>
    <subfield code="b">1</subfield>
    <subfield code="d">Allegro non molto</subfield>
    <subfield code="g">G-2</subfield>
    <subfield code="m">vl</subfield>
    <subfield code="n">bB</subfield>
    <subfield code="o">c/</subfield>
    <subfield code="p">4''C/866688{F('FGF)}{A''C}{F(CDC)}{FA}/4.'''C8''A4B8-G/{A'''C}-</subfield>
    <subfield code="2">pe</subfield>
  </datafield>
  <datafield tag="031" ind1=" " ind2=" ">
    <subfield code="a">2</subfield>
    <subfield code="b">2</subfield>
    <subfield code="d">Tempo di Minuetto</subfield>
    <subfield code="g">G-2</subfield>
    <subfield code="m">vl</subfield>
    <subfield code="n">bB</subfield>
    <subfield code="o">3/4</subfield>
    <subfield code="p">2'F8{BA}/{''DC}4.C8C/{C'A}4FF/4.842.GAF/E/8F-</subfield>
    <subfield code="2">pe</subfield>
  </datafield>
  <datafield tag="031" ind1=" " ind2=" ">
    <subfield code="a">3</subfield>
    <subfield code="b">1</subfield>
    <subfield code="d">Allegro non tanto</subfield>
    <subfield code="g">G-2</subfield>
    <subfield code="m">vl</subfield>
    <subfield code="n">xFCG</subfield>
    <subfield code="o">c/</subfield>
    <subfield code="p">'4E/2A8.6{''C'A''D'B}/4.''E8C2A/8{GFE}{DC'B}{AGF}{EDC}/,4.B6{'CD}4C8{EA}/4A</subfield>
    <subfield code="2">pe</subfield>
  </datafield>
  <datafield tag="031" ind1=" " ind2=" ">
    <subfield code="a">3</subfield>
    <subfield code="b">2</subfield>
    <subfield code="d">Presto assai</subfield>
    <subfield code="g">G-2</subfield>
    <subfield code="m">vl</subfield>
    <subfield code="n">xFCG</subfield>
    <subfield code="o">3/8</subfield>
    <subfield code="p">8''E/{C'A}C/{C,A}''E/{C'A}E/{C,A}''A/4E</subfield>
    <subfield code="2">pe</subfield>
  </datafield>
  <datafield tag="031" ind1=" " ind2=" ">
    <subfield code="a">4</subfield>
    <subfield code="b">1</subfield>
    <subfield code="d">Allegro</subfield>
    <subfield code="g">G-2</subfield>
    <subfield code="m">vl</subfield>
    <subfield code="r">C</subfield>
    <subfield code="o">c/</subfield>
    <subfield code="p">4'G/8{''CE}2G8&amp;#xfd;/{'B''C}2C4G/8{A'''C}2C8{''BA}/8.648{GE}G-</subfield>
    <subfield code="2">pe</subfield>
  </datafield>
  <datafield tag="031" ind1=" " ind2=" ">
    <subfield code="a">4</subfield>
    <subfield code="b">2</subfield>
    <subfield code="d">Allegro molto</subfield>
    <subfield code="g">G-2</subfield>
    <subfield code="m">vl</subfield>
    <subfield code="r">C</subfield>
    <subfield code="o">2/4</subfield>
    <subfield code="p">8'E-qG{8.F3EF}/8G-E-/F-E-/F-</subfield>
    <subfield code="2">pe</subfield>
  </datafield>
  <datafield tag="031" ind1=" " ind2=" ">
    <subfield code="a">5</subfield>
    <subfield code="b">1</subfield>
    <subfield code="d">Allegro moderato</subfield>
    <subfield code="g">G-2</subfield>
    <subfield code="m">vl</subfield>
    <subfield code="n">bBEA</subfield>
    <subfield code="o">c/</subfield>
    <subfield code="p">4,B/2'Eq6G8{FtEFG}/2AG/(8{FA''C})2C8{'BA}/4A</subfield>
    <subfield code="2">pe</subfield>
  </datafield>
  <datafield tag="031" ind1=" " ind2=" ">
    <subfield code="a">5</subfield>
    <subfield code="b">2</subfield>
    <subfield code="d">Tempo di Menuetto. Expressivo</subfield>
    <subfield code="g">G-2</subfield>
    <subfield code="m">vl</subfield>
    <subfield code="n">bBEA</subfield>
    <subfield code="o">3/4</subfield>
    <subfield code="p">4'B4.''E6&amp;#xdc;/4'BGA/8{B''E}qq6{DEF}r4.E6&amp;#xdc;/4'BGA/B</subfield>
    <subfield code="2">pe</subfield>
  </datafield>
  <datafield tag="031" ind1=" " ind2=" ">
    <subfield code="a">6</subfield>
    <subfield code="b">1</subfield>
    <subfield code="d">Allegro</subfield>
    <subfield code="g">G-2</subfield>
    <subfield code="m">vl</subfield>
    <subfield code="n">xF</subfield>
    <subfield code="o">c/</subfield>
    <subfield code="p">4'G/4.8''D'B''DE/8&amp;#xdc;2C6qD{8.C'6B''C}/qC2A8{ACED}/{C'B}4B-</subfield>
    <subfield code="2">pe</subfield>
  </datafield>
  <datafield tag="031" ind1=" " ind2=" ">
    <subfield code="a">6</subfield>
    <subfield code="b">2</subfield>
    <subfield code="d">Rondo. Allegro non molto</subfield>
    <subfield code="g">G-2</subfield>
    <subfield code="m">vl</subfield>
    <subfield code="n">xF</subfield>
    <subfield code="p">4''D6{EDC'B}/8.6{A''C'B''D}/4C6{DC'BA}/8.6{GBA''C}/4'B</subfield>
    <subfield code="2">pe</subfield>
  </datafield>
  <datafield tag="035" ind1=" " ind2=" ">
    <subfield code="a">(OCoLC)923025183</subfield>
  </datafield>
  <datafield tag="040" ind1=" " ind2=" ">
    <subfield code="a">MORIA</subfield>
    <subfield code="b">eng</subfield>
    <subfield code="c">MORIA</subfield>
    <subfield code="d">OCLCO</subfield>
    <subfield code="d">OCLCF</subfield>
    <subfield code="d">OCLCO</subfield>
    <subfield code="d">OCLCQ</subfield>
    <subfield code="d">OCLCO</subfield>
    <subfield code="d">MORIA</subfield>
  </datafield>
  <datafield tag="049" ind1=" " ind2=" ">
    <subfield code="a">MORA</subfield>
  </datafield>
  <datafield tag="100" ind1="1" ind2=" ">
    <subfield code="a">Kammel, Antonín</subfield>
    <subfield code="d">1730-1784</subfield>
    <subfield code="4">cmp</subfield>
  </datafield>
  <datafield tag="240" ind1="1" ind2="0">
    <subfield code="a">Duets</subfield>
    <subfield code="m">violins (6),</subfield>
    <subfield code="n">op. 11</subfield>
  </datafield>
  <datafield tag="245" ind1="1" ind2="0">
    <subfield code="a">Six Duos a Deux Violins, Oeuvre XI /</subfield>
    <subfield code="c">Composés par Antonio Kammel.</subfield>
  </datafield>
  <datafield tag="246" ind1="1" ind2="6">
    <subfield code="a">Duetto</subfield>
  </datafield>
  <datafield tag="260" ind1=" " ind2=" ">
    <subfield code="a">[Place of publication not identified] :</subfield>
    <subfield code="b">[publisher not identified],</subfield>
    <subfield code="c">[between 1779 and 1786]</subfield>
  </datafield>
  <datafield tag="300" ind1=" " ind2=" ">
    <subfield code="a">1 manuscript part</subfield>
  </datafield>
  <datafield tag="336" ind1=" " ind2=" ">
    <subfield code="a">notated music</subfield>
    <subfield code="b">ntm</subfield>
    <subfield code="2">rdacontent</subfield>
  </datafield>
  <datafield tag="337" ind1=" " ind2=" ">
    <subfield code="a">unmediated</subfield>
    <subfield code="b">n</subfield>
    <subfield code="2">rdamedia</subfield>
  </datafield>
  <datafield tag="384" ind1="0" ind2=" ">
    <subfield code="a">A major</subfield>
  </datafield>
  <datafield tag="500" ind1=" " ind2=" ">
    <subfield code="a">Title page: Six Duos a Deux Violins Composés par Antonio Kammel Oeuvre XI. Lower right, another hand: [a second different hand:] J. Willm Rauch 1813. After last measure, Duet no 6: J G F. Probably initials of principal scribe.  Possibly copied from from the Joseph Schmitt edition of 1779.</subfield>
  </datafield>
  <datafield tag="500" ind1=" " ind2=" ">
    <subfield code="a">Pt: Vln I.</subfield>
  </datafield>
  <datafield tag="500" ind1=" " ind2=" ">
    <subfield code="a">LCM [Add E Cham 2.1-6] Caption titles: Duetto I through VI.</subfield>
  </datafield>
  <datafield tag="505" ind1="0" ind2=" ">
    <subfield code="a">LCM [Add E Cham 2.]1. Duet, two violins, op 11, no 1, B-flat major (Allo Moderato ; Tempo di Menuetto grazioso) -- LCM [Add E Cham 2.]. Duet, two violins, op 11, no 2, F major (Allegro non molto ; Tempo di Minuetto) -- LCM [Add E Cham 2.]3. Duet, two violins, op 11, no 3, A major (Allegro non tanto ; Presto assai) -- LCM [Add E Cham 2.]4. Duet, two violins, op 11, no 4, C major (Allegro ; Allegro molto) -- LCM [Add E Cham 2.]5. Duet, two violins, op 11, no 5, E♭ major (Allegro moderato ; Tempo di Menuetto. Expressivo) -- LCM [Add E Cham 2.]6. Duet, two violins, op 11, no 6, G major (Allegro ; Rondo. Allegro non molto).</subfield>
  </datafield>
  <datafield tag="506" ind1="1" ind2=" ">
    <subfield code="a">Use restricted by the terms of the Moravian Music Foundation Research Policies.</subfield>
  </datafield>
  <datafield tag="594" ind1=" " ind2=" ">
    <subfield code="a">sa02</subfield>
  </datafield>
  <datafield tag="700" ind1="1" ind2=" ">
    <subfield code="a">Kammel, Antonín</subfield>
    <subfield code="d">1730-1784</subfield>
    <subfield code="t">Duets,</subfield>
    <subfield code="n">op. 11, no. 1,</subfield>
    <subfield code="r">B♭ major.</subfield>
  </datafield>
  <datafield tag="700" ind1="1" ind2=" ">
    <subfield code="a">Kammel, Antonín</subfield>
    <subfield code="d">1730-1784</subfield>
    <subfield code="t">Duets,</subfield>
    <subfield code="n">op. 11, no. 2,</subfield>
    <subfield code="r">F major.</subfield>
  </datafield>
  <datafield tag="700" ind1="1" ind2=" ">
    <subfield code="a">Kammel, Antonín</subfield>
    <subfield code="d">1730-1784</subfield>
    <subfield code="t">Duets,</subfield>
    <subfield code="n">op. 11, no. 3,</subfield>
    <subfield code="r">A major.</subfield>
  </datafield>
  <datafield tag="700" ind1="1" ind2=" ">
    <subfield code="a">Kammel, Antonín</subfield>
    <subfield code="d">1730-1784</subfield>
    <subfield code="t">Duets,</subfield>
    <subfield code="n">op. 11, no. 4,</subfield>
    <subfield code="r">C major.</subfield>
  </datafield>
  <datafield tag="700" ind1="1" ind2=" ">
    <subfield code="a">Kammel, Antonín</subfield>
    <subfield code="d">1730-1784</subfield>
    <subfield code="t">Duets,</subfield>
    <subfield code="n">op. 11, no. 5,</subfield>
    <subfield code="r">E♭ major.</subfield>
  </datafield>
  <datafield tag="700" ind1="1" ind2=" ">
    <subfield code="a">Kammel, Antonín</subfield>
    <subfield code="d">1730-1784</subfield>
    <subfield code="t">Duets,</subfield>
    <subfield code="n">op. 11, no. 6,</subfield>
    <subfield code="r">G major.</subfield>
  </datafield>
  <datafield tag="710" ind1="2" ind2=" ">
    <subfield code="a">Moravian Music Foundation</subfield>
    <subfield code="4">cur</subfield>
  </datafield>
  <datafield tag="710" ind1="2" ind2=" ">
    <subfield code="a">Lititz Collegium Musicum (Lititz, Pa.)</subfield>
    <subfield code="4">fmo</subfield>
  </datafield>
  <datafield tag="730" ind1="0" ind2=" ">
    <subfield code="a">Lititz Collegium Musicum Collection.</subfield>
  </datafield>
  <datafield tag="852" ind1=" " ind2=" ">
    <subfield code="a">US-BETm</subfield>
    <subfield code="p">LCM [Add E Cham 2] Beth ms</subfield>
  </datafield>
  <datafield tag="994" ind1=" " ind2=" ">
    <subfield code="a">C0</subfield>
    <subfield code="b">MORIA</subfield>
  </datafield>
</record>