<record>
  <leader>05406cdm a2200709Ii 4500</leader>
  <controlfield tag="001">1923025198</controlfield>
  <controlfield tag="003">OCoLC</controlfield>
  <controlfield tag="005">20160706113546.0</controlfield>
  <controlfield tag="007">qu</controlfield>
  <controlfield tag="008">151008s1772    xx syze        n    zxx d</controlfield>
  <datafield tag="031" ind1=" " ind2=" ">
    <subfield code="a">1</subfield>
    <subfield code="b">1</subfield>
    <subfield code="d">Presto assai</subfield>
    <subfield code="g">G-2</subfield>
    <subfield code="m">vl</subfield>
    <subfield code="n">xFC</subfield>
    <subfield code="o">c/</subfield>
    <subfield code="p">336248{,AB'C}/D--{,AB'C}/i/D4.824FD/A-</subfield>
    <subfield code="2">pe</subfield>
  </datafield>
  <datafield tag="031" ind1=" " ind2=" ">
    <subfield code="a">1</subfield>
    <subfield code="b">2</subfield>
    <subfield code="d">Andante molto ma Allegretto</subfield>
    <subfield code="g">G-2</subfield>
    <subfield code="m">vl</subfield>
    <subfield code="n">xFCG</subfield>
    <subfield code="o">3/8</subfield>
    <subfield code="p">{3''CD6E}-{EFG}/{AGFEDC}/8D-</subfield>
    <subfield code="2">pe</subfield>
  </datafield>
  <datafield tag="031" ind1=" " ind2=" ">
    <subfield code="a">1</subfield>
    <subfield code="b">3</subfield>
    <subfield code="d">Prestissimo</subfield>
    <subfield code="g">G-2</subfield>
    <subfield code="m">vl</subfield>
    <subfield code="n">xFC</subfield>
    <subfield code="o">2/4</subfield>
    <subfield code="p">4''D686qF{EDE}/4F8{A'A}/4''D686qF{EDE}/4F8{A'A}/4''D</subfield>
    <subfield code="2">pe</subfield>
  </datafield>
  <datafield tag="031" ind1=" " ind2=" ">
    <subfield code="a">2</subfield>
    <subfield code="b">1</subfield>
    <subfield code="d">Allegro moderato</subfield>
    <subfield code="g">G-2</subfield>
    <subfield code="m">vl</subfield>
    <subfield code="n">xF</subfield>
    <subfield code="o">c/</subfield>
    <subfield code="p">2'G4B''D/6{GABA}4G8-{D'BG}/2E4G''C/EG'''C''E/q6F8{ED}4D8-</subfield>
    <subfield code="2">pe</subfield>
  </datafield>
  <datafield tag="031" ind1=" " ind2=" ">
    <subfield code="a">2</subfield>
    <subfield code="b">2</subfield>
    <subfield code="d">Andante</subfield>
    <subfield code="g">G-2</subfield>
    <subfield code="m">vl</subfield>
    <subfield code="r">C</subfield>
    <subfield code="o">2/4</subfield>
    <subfield code="p">84.''C/GA/4G8{FE}/8.{D3FD}8{C'B}/''C-{'''C''B}/4A</subfield>
    <subfield code="2">pe</subfield>
  </datafield>
  <datafield tag="031" ind1=" " ind2=" ">
    <subfield code="a">2</subfield>
    <subfield code="b">3</subfield>
    <subfield code="d">Presto</subfield>
    <subfield code="g">G-2</subfield>
    <subfield code="m">vl</subfield>
    <subfield code="n">xF</subfield>
    <subfield code="o">2/4</subfield>
    <subfield code="p">4'G,G/'G,G/G{8'At6GA}/4B-/F</subfield>
    <subfield code="2">pe</subfield>
  </datafield>
  <datafield tag="031" ind1=" " ind2=" ">
    <subfield code="a">3</subfield>
    <subfield code="b">1</subfield>
    <subfield code="d">Allegro assai</subfield>
    <subfield code="g">G-2</subfield>
    <subfield code="m">vl</subfield>
    <subfield code="r">C</subfield>
    <subfield code="o">3/4</subfield>
    <subfield code="p">4''C-C/D-D/EE{8Ft6EF}/4G-</subfield>
    <subfield code="2">pe</subfield>
  </datafield>
  <datafield tag="031" ind1=" " ind2=" ">
    <subfield code="a">3</subfield>
    <subfield code="b">2</subfield>
    <subfield code="d">Andante molto</subfield>
    <subfield code="g">G-2</subfield>
    <subfield code="m">vl</subfield>
    <subfield code="n">bB</subfield>
    <subfield code="o">2/4</subfield>
    <subfield code="p">6-{''CCC}{CCCC}/{8/C3DE}6{FEDC}/qC8{'BAB''C}/q6E8&amp;#xdc;4-</subfield>
    <subfield code="2">pe</subfield>
  </datafield>
  <datafield tag="031" ind1=" " ind2=" ">
    <subfield code="a">3</subfield>
    <subfield code="b">3</subfield>
    <subfield code="d">Presto assai</subfield>
    <subfield code="g">G-2</subfield>
    <subfield code="m">vl</subfield>
    <subfield code="r">C</subfield>
    <subfield code="o">2/4</subfield>
    <subfield code="p">4''C-/'C''C/'D''C/'E''C/'F''C/'G</subfield>
    <subfield code="2">pe</subfield>
  </datafield>
  <datafield tag="031" ind1=" " ind2=" ">
    <subfield code="a">4</subfield>
    <subfield code="b">1</subfield>
    <subfield code="d">Allegro assai</subfield>
    <subfield code="g">G-2</subfield>
    <subfield code="m">vl</subfield>
    <subfield code="n">bB</subfield>
    <subfield code="o">c/</subfield>
    <subfield code="p">124.8'F/FFF/4F--8-{3CD6E}/i/4F</subfield>
    <subfield code="2">pe</subfield>
  </datafield>
  <datafield tag="031" ind1=" " ind2=" ">
    <subfield code="a">4</subfield>
    <subfield code="b">2</subfield>
    <subfield code="d">Andante poco moderato</subfield>
    <subfield code="g">G-2</subfield>
    <subfield code="m">vl</subfield>
    <subfield code="n">bB</subfield>
    <subfield code="o">3/4</subfield>
    <subfield code="p">4'FED/4.xC6&amp;#xde;4D/AGF/4.E6{FG}4F/q6x''G4A</subfield>
    <subfield code="2">pe</subfield>
  </datafield>
  <datafield tag="031" ind1=" " ind2=" ">
    <subfield code="a">4</subfield>
    <subfield code="b">3</subfield>
    <subfield code="d">Presto non tanto</subfield>
    <subfield code="g">G-2</subfield>
    <subfield code="m">vl</subfield>
    <subfield code="n">bB</subfield>
    <subfield code="o">6/8</subfield>
    <subfield code="p">4.8884.4.''C{'A''C'A}/FC/''C{'A''C'A}/FC/4''D</subfield>
    <subfield code="2">pe</subfield>
  </datafield>
  <datafield tag="031" ind1=" " ind2=" ">
    <subfield code="a">5</subfield>
    <subfield code="b">1</subfield>
    <subfield code="d">Allegro assai</subfield>
    <subfield code="g">G-2</subfield>
    <subfield code="m">vl</subfield>
    <subfield code="n">bBE</subfield>
    <subfield code="o">c/</subfield>
    <subfield code="p">24.8''BFD/'BFD/,B448-'B/q''DC'Bq''DC'B/1''E</subfield>
    <subfield code="2">pe</subfield>
  </datafield>
  <datafield tag="031" ind1=" " ind2=" ">
    <subfield code="a">5</subfield>
    <subfield code="b">2</subfield>
    <subfield code="d">Andante Grazioso</subfield>
    <subfield code="g">G-2</subfield>
    <subfield code="m">vl</subfield>
    <subfield code="n">bBEA</subfield>
    <subfield code="o">3/8</subfield>
    <subfield code="p">8{'B''EC}/{'BFG}/{AB''C}/{'EDE}/4F</subfield>
    <subfield code="2">pe</subfield>
  </datafield>
  <datafield tag="031" ind1=" " ind2=" ">
    <subfield code="a">5</subfield>
    <subfield code="b">3</subfield>
    <subfield code="d">Presto non tanto</subfield>
    <subfield code="g">G-2</subfield>
    <subfield code="m">vl</subfield>
    <subfield code="n">bBE</subfield>
    <subfield code="o">3/8</subfield>
    <subfield code="p">8'F/{BBB}/i/{B6''DC'BA}/8{B''FD}/4C</subfield>
    <subfield code="2">pe</subfield>
  </datafield>
  <datafield tag="031" ind1=" " ind2=" ">
    <subfield code="a">6</subfield>
    <subfield code="b">1</subfield>
    <subfield code="d">Allegro assai</subfield>
    <subfield code="g">G-2</subfield>
    <subfield code="m">vl</subfield>
    <subfield code="n">bBEA</subfield>
    <subfield code="o">c/</subfield>
    <subfield code="p">qq6{,G'E}r1''E/24.8'EEE/4EG-,B/i/'E</subfield>
    <subfield code="2">pe</subfield>
  </datafield>
  <datafield tag="031" ind1=" " ind2=" ">
    <subfield code="a">6</subfield>
    <subfield code="b">2</subfield>
    <subfield code="d">Andante molto</subfield>
    <subfield code="g">G-2</subfield>
    <subfield code="m">vl</subfield>
    <subfield code="n">bBEA</subfield>
    <subfield code="o">3/4</subfield>
    <subfield code="p">6''G/4GED/686qD{C'nB''C}4.C8A/6qB{AG8G}-{'nB''DF}/6qG{FE8E}-</subfield>
    <subfield code="2">pe</subfield>
  </datafield>
  <datafield tag="031" ind1=" " ind2=" ">
    <subfield code="a">6</subfield>
    <subfield code="b">3</subfield>
    <subfield code="d">Prestissimo</subfield>
    <subfield code="g">G-2</subfield>
    <subfield code="m">vl</subfield>
    <subfield code="n">bBEA</subfield>
    <subfield code="o">2/4</subfield>
    <subfield code="p">686q'F{EDE}8G-/i/4AA/G-</subfield>
    <subfield code="2">pe</subfield>
  </datafield>
  <datafield tag="035" ind1=" " ind2=" ">
    <subfield code="a">(OCoLC)923025198</subfield>
  </datafield>
  <datafield tag="040" ind1=" " ind2=" ">
    <subfield code="a">MORIA</subfield>
    <subfield code="b">eng</subfield>
    <subfield code="c">MORIA</subfield>
    <subfield code="d">OCLCO</subfield>
    <subfield code="d">OCLCQ</subfield>
    <subfield code="d">OCLCO</subfield>
    <subfield code="d">MORIA</subfield>
  </datafield>
  <datafield tag="049" ind1=" " ind2=" ">
    <subfield code="a">MORA</subfield>
  </datafield>
  <datafield tag="100" ind1="1" ind2=" ">
    <subfield code="a">Stamitz, Karl</subfield>
    <subfield code="d">1745-1801</subfield>
    <subfield code="4">cmp</subfield>
  </datafield>
  <datafield tag="240" ind1="1" ind2="0">
    <subfield code="a">Symphonies</subfield>
    <subfield code="n">op. 9</subfield>
  </datafield>
  <datafield tag="245" ind1="1" ind2="0">
    <subfield code="a">Six Symphonies a deux Violons, Taille &amp; Basso, deux Hautbois &amp; deux Corns de Chassee, Oeuvre IX /</subfield>
    <subfield code="c">composees par Charles Stamitz.</subfield>
  </datafield>
  <datafield tag="246" ind1="1" ind2="6">
    <subfield code="a">Sinfonia</subfield>
  </datafield>
  <datafield tag="260" ind1=" " ind2=" ">
    <subfield code="a">[Place not identified],</subfield>
    <subfield code="c">[after 1772]</subfield>
  </datafield>
  <datafield tag="300" ind1=" " ind2=" ">
    <subfield code="a">13 manuscript parts ; 36 cm</subfield>
  </datafield>
  <datafield tag="336" ind1=" " ind2=" ">
    <subfield code="a">notated music</subfield>
    <subfield code="b">ntm</subfield>
    <subfield code="2">rdacontent</subfield>
  </datafield>
  <datafield tag="337" ind1=" " ind2=" ">
    <subfield code="a">unmediated</subfield>
    <subfield code="b">n</subfield>
    <subfield code="2">rdamedia</subfield>
  </datafield>
  <datafield tag="338" ind1=" " ind2=" ">
    <subfield code="a">sheet</subfield>
    <subfield code="b">nb</subfield>
    <subfield code="2">rdacarrier</subfield>
  </datafield>
  <datafield tag="500" ind1=" " ind2=" ">
    <subfield code="a">Pts: Fl or Ob I, II; Hn I(2), II(2); Vln I(3), II(2); Vla(2); Vcl(2: fig).</subfield>
  </datafield>
  <datafield tag="500" ind1=" " ind2=" ">
    <subfield code="a">One Vln II part copied by Johann Christian Till.</subfield>
  </datafield>
  <datafield tag="500" ind1=" " ind2=" ">
    <subfield code="a">LCM [Add E Orc 2.]1, 3, 6. See also PSB 1396-1398.</subfield>
    <subfield code="5">NcWsMM</subfield>
  </datafield>
  <datafield tag="505" ind1="0" ind2=" ">
    <subfield code="a">LCM [Add E Orc 2.]1. Symphony, op 9, no 1, D major, R D/4 (Presto assai ; Andante molto ma Allegretto ; Prestissimo) -- LCM [Add E Orc 2.]2. Symphony, op 9, no 2, G major, R G/4 (Allegro moderato ; Andante ; Presto) -- LCM [Add E Orc 2.]3. Symphony, op 9, no 3, C major, R C/4 (Allegro assai ; Andante molto ; Presto assai) -- LCM [Add E Orc 2.]4. Symphony, op 9, no 4, F major, R F/3 (Allegro assai ; Andante poco moderato ; Presto non tanto) -- LCM [Add E Orc 2.]5. Symphony, op 9, no 5, B♭ major, R B♭/5 (Allegro assai ; Andante Grazioso ; Presto non tanto) -- LCM [Add E Orc 2.]6. Symphony, op, no 6, E♭ major, R E♭/3 (Allegro assai ; Andante molto ; Prestissimo).</subfield>
  </datafield>
  <datafield tag="506" ind1="1" ind2=" ">
    <subfield code="a">Use restricted by the terms of the Moravian Music Foundation Research Policies.</subfield>
  </datafield>
  <datafield tag="594" ind1=" " ind2=" ">
    <subfield code="a">ob</subfield>
  </datafield>
  <datafield tag="700" ind1="1" ind2=" ">
    <subfield code="a">Till, John C</subfield>
    <subfield code="q">(John Christian),</subfield>
    <subfield code="d">1762-1844</subfield>
    <subfield code="4">mcp</subfield>
  </datafield>
  <datafield tag="700" ind1="1" ind2=" ">
    <subfield code="a">Stamitz, Karl</subfield>
    <subfield code="d">1745-1801</subfield>
    <subfield code="t">Symphonies,</subfield>
    <subfield code="n">op. 9, no. 1,</subfield>
    <subfield code="r">D major.</subfield>
  </datafield>
  <datafield tag="700" ind1="1" ind2=" ">
    <subfield code="a">Stamitz, Karl</subfield>
    <subfield code="d">1745-1801</subfield>
    <subfield code="t">Symphonies,</subfield>
    <subfield code="n">op. 9, no. 2,</subfield>
    <subfield code="r">G major.</subfield>
  </datafield>
  <datafield tag="700" ind1="1" ind2=" ">
    <subfield code="a">Stamitz, Karl</subfield>
    <subfield code="d">1745-1801</subfield>
    <subfield code="t">Symphonies,</subfield>
    <subfield code="n">op. 9, no. 3,</subfield>
    <subfield code="r">C major.</subfield>
  </datafield>
  <datafield tag="700" ind1="1" ind2=" ">
    <subfield code="a">Stamitz, Karl</subfield>
    <subfield code="d">1745-1801</subfield>
    <subfield code="t">Symphonies,</subfield>
    <subfield code="n">op. 9, no. 4,</subfield>
    <subfield code="r">F major.</subfield>
  </datafield>
  <datafield tag="700" ind1="1" ind2=" ">
    <subfield code="a">Stamitz, Karl</subfield>
    <subfield code="d">1745-1801</subfield>
    <subfield code="t">Symphonies,</subfield>
    <subfield code="n">op. 9, no. 5,</subfield>
    <subfield code="r">B♭ major.</subfield>
  </datafield>
  <datafield tag="700" ind1="1" ind2=" ">
    <subfield code="a">Stamitz, Karl</subfield>
    <subfield code="d">1745-1801</subfield>
    <subfield code="t">Symphonies,</subfield>
    <subfield code="n">op. 9, no. 6,</subfield>
    <subfield code="r">E♭ major.</subfield>
  </datafield>
  <datafield tag="710" ind1="2" ind2=" ">
    <subfield code="a">Moravian Music Foundation</subfield>
    <subfield code="4">cur</subfield>
  </datafield>
  <datafield tag="710" ind1="2" ind2=" ">
    <subfield code="a">Lititz Collegium Musicum (Lititz, Pa.)</subfield>
    <subfield code="4">fmo</subfield>
  </datafield>
  <datafield tag="730" ind1="0" ind2=" ">
    <subfield code="a">Lititz Collegium Musicum Collection.</subfield>
  </datafield>
  <datafield tag="787" ind1="0" ind2="8">
    <subfield code="i">Symphony no. 1, extra Vln II part belongs to PSB 1396, J.C. Till, copyist:</subfield>
    <subfield code="a">Stamitz, Karl, 1745-1801.</subfield>
    <subfield code="s">Symphonies, op. 9. No. 1, D major.</subfield>
    <subfield code="t">Sinfonia a deux violons, taille et basse, deux hautbois et deux cors de chasse.</subfield>
    <subfield code="d">[after 1772],</subfield>
    <subfield code="o">Philharmonic Society of Bethlehem Collection PSB 1396 Beth ms.</subfield>
    <subfield code="w">(OCoLC)944197146</subfield>
  </datafield>
  <datafield tag="787" ind1="0" ind2="8">
    <subfield code="i">Symphony no. 3, PSB 1398, copied from LCM by J. C. Till:</subfield>
    <subfield code="a">Stamitz, Karl, 1745-1801.</subfield>
    <subfield code="s">Symphonies.</subfield>
    <subfield code="n">op. 9.</subfield>
    <subfield code="n">No. 3,</subfield>
    <subfield code="r">C major.</subfield>
    <subfield code="t">Simphonia a deux violons taille et basse, deux hautbois et deux chors de chasse.</subfield>
    <subfield code="d">[after 1772].</subfield>
    <subfield code="o">Philharmonic Society of Bethlehem Collection PSB 1398 Beth ms.</subfield>
    <subfield code="w">(OCoLC)944197148</subfield>
  </datafield>
  <datafield tag="787" ind1="0" ind2="8">
    <subfield code="i">Symphony no. 6, PSB 1397,  copied by Christian Till:</subfield>
    <subfield code="a">Stamitz, Karl, 1745-1801.</subfield>
    <subfield code="s">Symphonies.</subfield>
    <subfield code="n">op. 9.</subfield>
    <subfield code="n">No. 3,</subfield>
    <subfield code="r">C major.</subfield>
    <subfield code="t">Simphonia a deux violons taille et basse, deux hautbois et deux chors de chasse.</subfield>
    <subfield code="d">[after 1772].</subfield>
    <subfield code="o">Philharmonic Society of Bethlehem Collection PSB 1397 Beth ms.</subfield>
    <subfield code="w">(OCoLC)944197147</subfield>
  </datafield>
  <datafield tag="852" ind1=" " ind2=" ">
    <subfield code="a">US-BETm</subfield>
    <subfield code="p">LCM [Add E Orc 2] Beth ms</subfield>
  </datafield>
  <datafield tag="994" ind1=" " ind2=" ">
    <subfield code="a">C0</subfield>
    <subfield code="b">MORIA</subfield>
  </datafield>
</record>