<record>
  <leader>02883cdm a2200433Ii 4500</leader>
  <controlfield tag="001">1923025200</controlfield>
  <controlfield tag="003">OCoLC</controlfield>
  <controlfield tag="005">20160706113546.0</controlfield>
  <controlfield tag="007">qu</controlfield>
  <controlfield tag="008">151008s1798    pauorh         n    ger d</controlfield>
  <datafield tag="031" ind1=" " ind2=" ">
    <subfield code="a">1</subfield>
    <subfield code="b">1</subfield>
    <subfield code="c">1</subfield>
    <subfield code="d">Coro non troppo lento</subfield>
    <subfield code="m">short score</subfield>
    <subfield code="n">bBEA</subfield>
    <subfield code="o">c</subfield>
    <subfield code="p">2''C4CC/!C8{'nB''D}!f/4C</subfield>
    <subfield code="2">pe</subfield>
  </datafield>
  <datafield tag="031" ind1=" " ind2=" ">
    <subfield code="a">1</subfield>
    <subfield code="b">1</subfield>
    <subfield code="c">2</subfield>
    <subfield code="d">Coro non troppo lento</subfield>
    <subfield code="m">short score</subfield>
    <subfield code="n">bBEA</subfield>
    <subfield code="o">c</subfield>
    <subfield code="p">=3/2-4-'G/2''C4C8CC/4C1'G</subfield>
    <subfield code="2">pe</subfield>
  </datafield>
  <datafield tag="035" ind1=" " ind2=" ">
    <subfield code="a">(OCoLC)923025200</subfield>
  </datafield>
  <datafield tag="040" ind1=" " ind2=" ">
    <subfield code="a">MORIA</subfield>
    <subfield code="b">eng</subfield>
    <subfield code="c">MORIA</subfield>
    <subfield code="d">OCLCO</subfield>
    <subfield code="d">OCLCQ</subfield>
    <subfield code="d">MORIA</subfield>
    <subfield code="d">OCLCO</subfield>
    <subfield code="d">OCLCF</subfield>
    <subfield code="d">MORIA</subfield>
    <subfield code="d">OCLCO</subfield>
    <subfield code="d">MORIA</subfield>
    <subfield code="d">OCLCO</subfield>
    <subfield code="d">MORIA</subfield>
  </datafield>
  <datafield tag="049" ind1=" " ind2=" ">
    <subfield code="a">MORA</subfield>
  </datafield>
  <datafield tag="100" ind1="1" ind2=" ">
    <subfield code="a">Rolle, Johann Heinrich</subfield>
    <subfield code="d">1716-1785</subfield>
    <subfield code="4">cmp</subfield>
  </datafield>
  <datafield tag="240" ind1="1" ind2="0">
    <subfield code="a">Leiden Jesu</subfield>
    <subfield code="k">Selections</subfield>
  </datafield>
  <datafield tag="245" ind1="1" ind2="0">
    <subfield code="a">Passions Cantate Das Leiden Jesu, Volume II /</subfield>
    <subfield code="c">componirt von Joh. Heinrich Rolle, poesirt von Johann Samuel Pazke.</subfield>
  </datafield>
  <datafield tag="246" ind1="3" ind2="0">
    <subfield code="a">Leiden Jesu</subfield>
  </datafield>
  <datafield tag="264" ind1=" " ind2="0">
    <subfield code="a">[Emmaus, Pennsylvania],</subfield>
    <subfield code="c">[1798]</subfield>
  </datafield>
  <datafield tag="300" ind1=" " ind2=" ">
    <subfield code="a">1 manuscript keyboard-vocal score</subfield>
  </datafield>
  <datafield tag="336" ind1=" " ind2=" ">
    <subfield code="a">notated music</subfield>
    <subfield code="b">ntm</subfield>
    <subfield code="2">rdacontent</subfield>
  </datafield>
  <datafield tag="337" ind1=" " ind2=" ">
    <subfield code="a">unmediated</subfield>
    <subfield code="b">n</subfield>
    <subfield code="2">rdamedia</subfield>
  </datafield>
  <datafield tag="338" ind1=" " ind2=" ">
    <subfield code="a">sheet</subfield>
    <subfield code="b">nb</subfield>
    <subfield code="2">rdacarrier</subfield>
  </datafield>
  <datafield tag="500" ind1=" " ind2=" ">
    <subfield code="a">Title page: Passions Cantate Das Leiden Jesu poesirt von Johann Samuel Pazke componirt von Joh. Heinrich Rolle. Volume II. Enthaltend [list of contents]. Lower right: George G. Müller  Em[m]aus 1798. Keybd-vocal score. Text of last selection entirely in English. Copied by Georg Gottfried Müller. No 2. Coro non troppo lento.</subfield>
  </datafield>
  <datafield tag="500" ind1=" " ind2=" ">
    <subfield code="a">See also PSB 77.</subfield>
    <subfield code="5">NcWsMM</subfield>
  </datafield>
  <datafield tag="505" ind1="0" ind2=" ">
    <subfield code="a">1. Der Herr neiget den Himmel -- 2. O Labyrinth, der Natur gebot -- 3. Liebe, die du mich zum Bilde -- 4. Noch herrscht um Ihn -- 5. Doch er verlässt die Schlummernden -- 6. Gestärkt erhebt mein Jesus sich -- 7. Sie binden Ihn -- 8. Lamm, das von verruchten zungen -- 9. Doch Kaiphas, ergrimmt durch dieses Schweigen -- 10. Wenn dort, Herr Jesu! wird -- 11. Wer ist der Mann -- 12. Der Tag bricht an -- 13. Juda, Todes Worte sprichst du aus -- 14. Und Jesus wird gegeisselt -- 15. Da stehst du Golgatha! -- 16. Selbst der Feinde Heil zu suchen -- 17. We must thro much tribulation.</subfield>
  </datafield>
  <datafield tag="506" ind1="1" ind2=" ">
    <subfield code="a">Use restricted by the terms of the Moravian Music Foundation Research Policies.</subfield>
  </datafield>
  <datafield tag="594" ind1=" " ind2=" ">
    <subfield code="a">kn01</subfield>
    <subfield code="a">vn01</subfield>
  </datafield>
  <datafield tag="700" ind1="1" ind2=" ">
    <subfield code="a">Patzke, Johann Samuel</subfield>
    <subfield code="d">1727-1787</subfield>
    <subfield code="4">lbt</subfield>
  </datafield>
  <datafield tag="700" ind1="1" ind2=" ">
    <subfield code="a">Müller, Georg Gottfried</subfield>
    <subfield code="d">1762-1821</subfield>
    <subfield code="4">mcp</subfield>
  </datafield>
  <datafield tag="710" ind1="2" ind2=" ">
    <subfield code="a">Moravian Music Foundation</subfield>
    <subfield code="4">cur</subfield>
  </datafield>
  <datafield tag="710" ind1="2" ind2=" ">
    <subfield code="a">Lititz Collegium Musicum (Lititz, Pa.)</subfield>
    <subfield code="4">fmo</subfield>
  </datafield>
  <datafield tag="730" ind1="0" ind2=" ">
    <subfield code="a">Lititz Collegium Musicum Collection.</subfield>
  </datafield>
  <datafield tag="787" ind1="0" ind2="8">
    <subfield code="i">May have been copied from mss kybd-vocal score in:</subfield>
    <subfield code="a">Rolle, Johann Heinrich, 1716-1785.</subfield>
    <subfield code="t">Das leiden Jesu, eine Passions Cantate.</subfield>
    <subfield code="d">[1795 or 1796].</subfield>
    <subfield code="o">Philharmonic Society of Bethlehem Collection PSB 77 Beth ms.</subfield>
    <subfield code="w">(OCoLC)944192590</subfield>
  </datafield>
  <datafield tag="852" ind1=" " ind2=" ">
    <subfield code="a">US-BETm</subfield>
    <subfield code="p">LCM [Add E Voc 1] Beth ms</subfield>
  </datafield>
  <datafield tag="994" ind1=" " ind2=" ">
    <subfield code="a">C0</subfield>
    <subfield code="b">MORIA</subfield>
  </datafield>
</record>