<record>
  <leader>02686cdm a2200469Ii 4500</leader>
  <controlfield tag="001">1923025241</controlfield>
  <controlfield tag="003">OCoLC</controlfield>
  <controlfield tag="005">20160706113546.0</controlfield>
  <controlfield tag="007">qu</controlfield>
  <controlfield tag="008">151008s1784    paucthd        n    ger d</controlfield>
  <datafield tag="031" ind1=" " ind2=" ">
    <subfield code="a">1</subfield>
    <subfield code="b">1</subfield>
    <subfield code="c">1</subfield>
    <subfield code="d">Adagio</subfield>
    <subfield code="g">F-4</subfield>
    <subfield code="m">short score</subfield>
    <subfield code="n">bB</subfield>
    <subfield code="o">c</subfield>
    <subfield code="p">%F-48{,DFxCD}{,,B'D}6{nC,BAxG}/4G</subfield>
    <subfield code="2">pe</subfield>
  </datafield>
  <datafield tag="031" ind1=" " ind2=" ">
    <subfield code="a">1</subfield>
    <subfield code="b">1</subfield>
    <subfield code="c">2</subfield>
    <subfield code="d">Adagio</subfield>
    <subfield code="g">g-2</subfield>
    <subfield code="m">T</subfield>
    <subfield code="n">bB</subfield>
    <subfield code="o">c</subfield>
    <subfield code="p">=3/4-8-A2''D/4.C8CD'A4-/8.xG6''F8FDD4xC</subfield>
    <subfield code="2">pe</subfield>
  </datafield>
  <datafield tag="035" ind1=" " ind2=" ">
    <subfield code="a">(OCoLC)923025241</subfield>
  </datafield>
  <datafield tag="040" ind1=" " ind2=" ">
    <subfield code="a">MORIA</subfield>
    <subfield code="b">eng</subfield>
    <subfield code="c">MORIA</subfield>
    <subfield code="d">OCLCO</subfield>
    <subfield code="d">MORIA</subfield>
    <subfield code="d">OCLCQ</subfield>
    <subfield code="d">MORIA</subfield>
    <subfield code="d">OCLCO</subfield>
    <subfield code="d">MORIA</subfield>
    <subfield code="d">OCLCF</subfield>
    <subfield code="d">OCLCO</subfield>
  </datafield>
  <datafield tag="049" ind1=" " ind2=" ">
    <subfield code="a">MORA</subfield>
  </datafield>
  <datafield tag="100" ind1="1" ind2=" ">
    <subfield code="a">Wolf, Ernst Wilhlem</subfield>
    <subfield code="d">1735-1792</subfield>
    <subfield code="4">cmp</subfield>
  </datafield>
  <datafield tag="240" ind1="1" ind2="0">
    <subfield code="a">Oster cantate</subfield>
  </datafield>
  <datafield tag="245" ind1="1" ind2="0">
    <subfield code="a">Oster-Cantate /</subfield>
    <subfield code="c">von Herder und Wolf.</subfield>
  </datafield>
  <datafield tag="264" ind1=" " ind2="0">
    <subfield code="a">[Copied in Lititz, Pennsylvania],</subfield>
    <subfield code="c">[after 1784]</subfield>
  </datafield>
  <datafield tag="300" ind1=" " ind2=" ">
    <subfield code="a">1 manuscript vocal score (52 pages) and 16 manuscript parts ;</subfield>
    <subfield code="c">22 x 29 cm. and variously sized parts</subfield>
  </datafield>
  <datafield tag="336" ind1=" " ind2=" ">
    <subfield code="a">notated music</subfield>
    <subfield code="b">ntm</subfield>
    <subfield code="2">rdacontent</subfield>
  </datafield>
  <datafield tag="337" ind1=" " ind2=" ">
    <subfield code="a">unmediated</subfield>
    <subfield code="b">n</subfield>
    <subfield code="2">rdamedia</subfield>
  </datafield>
  <datafield tag="338" ind1=" " ind2=" ">
    <subfield code="a">sheet</subfield>
    <subfield code="b">nb</subfield>
    <subfield code="2">rdacarrier</subfield>
  </datafield>
  <datafield tag="500" ind1=" " ind2=" ">
    <subfield code="a">Copied by Johann Christian Bechler:</subfield>
  </datafield>
  <datafield tag="500" ind1=" " ind2=" ">
    <subfield code="a">Back flyleaf, pencil: Oster Cantate Public Concert March 4th 1838.</subfield>
  </datafield>
  <datafield tag="500" ind1=" " ind2=" ">
    <subfield code="a">Diarium der Gemeine in Litiz, Sunday, 4 Mar 1838: " ... Nachm. um 3 Uhr war ein offentliches Conzert, in welchem die Oster Cantate von Wolf aufgeführt wurde ..." Adagio.</subfield>
  </datafield>
  <datafield tag="500" ind1=" " ind2=" ">
    <subfield code="a">Pts: S(3: 3 diff), A(3), T, B(3); Ob I, II; Clarino I, II, III; Hn I, II; Vln II; Vla I, II; Vcl. Clavier-Auszug. (Damaged pts: 1S, 1A; vln II.)</subfield>
  </datafield>
  <datafield tag="500" ind1=" " ind2=" ">
    <subfield code="a">See also PSB 76[A].</subfield>
    <subfield code="5">NcWsMM</subfield>
  </datafield>
  <datafield tag="505" ind1="0" ind2=" ">
    <subfield code="a">1. Des Lebens Fürsten haben sie getödtet -- 2. Der Fromme geht dahin -- 3. Aber deine Todten werden leben -- 4. Erwacht und blüht -- 5. Allmächtiger Schauer -- 6. Thut auf die pforten -- 7. Jesus Christus unser Heiland -- 8. Wie die fern abgeschiedne geliebte Sonne -- 9. Siehe, das schöne Morgenroth -- 10. Der Herr tödtet und machet lebendig -- 11. Nah ist meines Helfers Rechte -- 12. O Auferstandener -- 13. Jesus mein Erlöser lebt -- 14. Hallelujah der Tod ist verschlungen -- 15. Gelobt sey Gott.</subfield>
  </datafield>
  <datafield tag="506" ind1="1" ind2=" ">
    <subfield code="a">Use restricted by the terms of the Moravian Music Foundation Research Policies.</subfield>
  </datafield>
  <datafield tag="594" ind1=" " ind2=" ">
    <subfield code="a">ca04</subfield>
    <subfield code="a">ob</subfield>
    <subfield code="b">kb01</subfield>
  </datafield>
  <datafield tag="700" ind1="1" ind2=" ">
    <subfield code="a">Herder, Johann Gottfried</subfield>
    <subfield code="d">1744-1803</subfield>
    <subfield code="4">lbt</subfield>
  </datafield>
  <datafield tag="700" ind1="1" ind2=" ">
    <subfield code="a">Bechler, Johann Christian</subfield>
    <subfield code="d">1784-1857</subfield>
    <subfield code="4">mcp</subfield>
  </datafield>
  <datafield tag="710" ind1="2" ind2=" ">
    <subfield code="a">Moravian Music Foundation</subfield>
    <subfield code="4">cur</subfield>
  </datafield>
  <datafield tag="710" ind1="2" ind2=" ">
    <subfield code="a">Lititz Collegium Musicum (Lititz, Pa.)</subfield>
    <subfield code="4">fmo</subfield>
  </datafield>
  <datafield tag="730" ind1="0" ind2=" ">
    <subfield code="a">Lititz Collegium Musicum Collection.</subfield>
  </datafield>
  <datafield tag="852" ind1=" " ind2=" ">
    <subfield code="a">US-BETm</subfield>
    <subfield code="p">LCM [Add L Voc 2, Folders 1-5] Beth ms</subfield>
  </datafield>
  <datafield tag="994" ind1=" " ind2=" ">
    <subfield code="a">C0</subfield>
    <subfield code="b">MORIA</subfield>
  </datafield>
</record>