<record>
  <leader>02829cdm a2200457Ii 4500</leader>
  <controlfield tag="001">1923025242</controlfield>
  <controlfield tag="003">OCoLC</controlfield>
  <controlfield tag="005">20160706113546.0</controlfield>
  <controlfield tag="007">qu</controlfield>
  <controlfield tag="008">151008q17611817xx chhd        n    ger d</controlfield>
  <datafield tag="031" ind1=" " ind2=" ">
    <subfield code="a">1</subfield>
    <subfield code="b">1</subfield>
    <subfield code="c">1</subfield>
    <subfield code="d">No° 1. Moderato</subfield>
    <subfield code="g">G-2</subfield>
    <subfield code="m">vl</subfield>
    <subfield code="n">bBEA</subfield>
    <subfield code="o">c</subfield>
    <subfield code="p">42.,B/BB/B8{'CD}/1E</subfield>
    <subfield code="2">pe</subfield>
  </datafield>
  <datafield tag="031" ind1=" " ind2=" ">
    <subfield code="a">1</subfield>
    <subfield code="b">1</subfield>
    <subfield code="c">2</subfield>
    <subfield code="d">No° 1. Moderato</subfield>
    <subfield code="g">G-2</subfield>
    <subfield code="m">Dessus</subfield>
    <subfield code="n">bBEA</subfield>
    <subfield code="o">c</subfield>
    <subfield code="p">=7/248.64.8--'BB/''CD4EF/qE2D4(-)</subfield>
    <subfield code="2">pe</subfield>
  </datafield>
  <datafield tag="035" ind1=" " ind2=" ">
    <subfield code="a">(OCoLC)923025242</subfield>
  </datafield>
  <datafield tag="040" ind1=" " ind2=" ">
    <subfield code="a">MORIA</subfield>
    <subfield code="b">eng</subfield>
    <subfield code="c">MORIA</subfield>
    <subfield code="d">OCLCO</subfield>
    <subfield code="d">OCLCQ</subfield>
    <subfield code="d">MORIA</subfield>
    <subfield code="d">OCLCO</subfield>
    <subfield code="d">MORIA</subfield>
  </datafield>
  <datafield tag="049" ind1=" " ind2=" ">
    <subfield code="a">MORA</subfield>
  </datafield>
  <datafield tag="100" ind1="1" ind2=" ">
    <subfield code="a">Kunzen, Friedrich Ludwig Aemilius</subfield>
    <subfield code="d">1761-1817</subfield>
    <subfield code="4">cmp</subfield>
  </datafield>
  <datafield tag="240" ind1="1" ind2="0">
    <subfield code="a">Halleluja der Schöpfung</subfield>
  </datafield>
  <datafield tag="245" ind1="1" ind2="4">
    <subfield code="a">Das Halleluja der Schöpfung /</subfield>
    <subfield code="c">Kuntzen.</subfield>
  </datafield>
  <datafield tag="260" ind1=" " ind2=" ">
    <subfield code="a">[Copied in Pennsylvania],</subfield>
    <subfield code="c">[between 1761 and 1817]</subfield>
  </datafield>
  <datafield tag="300" ind1=" " ind2=" ">
    <subfield code="a">24 manuscript parts ;</subfield>
    <subfield code="c">33 cm and a few of various sizes</subfield>
  </datafield>
  <datafield tag="336" ind1=" " ind2=" ">
    <subfield code="a">notated music</subfield>
    <subfield code="b">ntm</subfield>
    <subfield code="2">rdacontent</subfield>
  </datafield>
  <datafield tag="337" ind1=" " ind2=" ">
    <subfield code="a">unmediated</subfield>
    <subfield code="b">n</subfield>
    <subfield code="2">rdamedia</subfield>
  </datafield>
  <datafield tag="338" ind1=" " ind2=" ">
    <subfield code="a">sheet</subfield>
    <subfield code="b">nb</subfield>
    <subfield code="2">rdacarrier</subfield>
  </datafield>
  <datafield tag="500" ind1=" " ind2=" ">
    <subfield code="a">Caption title: Das Halleluja der Schöpfung. Kuntzen.</subfield>
  </datafield>
  <datafield tag="500" ind1=" " ind2=" ">
    <subfield code="a">Copied by Rufus A. Grider: 1S Solo, 1B. End of Grider's S Solo: Litiz December 1841.</subfield>
  </datafield>
  <datafield tag="500" ind1=" " ind2=" ">
    <subfield code="a">Top of first p, Grider's B, pencil: Rufus A G. No 1. Moderato.</subfield>
  </datafield>
  <datafield tag="500" ind1=" " ind2=" ">
    <subfield code="a">Pts: S Solo(2), S(3: 2, no 8 only); A[Solo], A(2: 1, no 8 only); T; B Solo, B(2). Fl I, II; Ob I, II; Cl I, II; Bsn I, II; Clarino I, II; Hn I, II; Timp; Vln I(2: 1, no 2 only), II; Vla; Vcl.</subfield>
  </datafield>
  <datafield tag="500" ind1=" " ind2=" ">
    <subfield code="a">See also PSB 8.</subfield>
    <subfield code="5">NcWsMM</subfield>
  </datafield>
  <datafield tag="505" ind1="0" ind2=" ">
    <subfield code="a">1a. Brich Natur, in Loblied aus! -- 1b. Die Öde starrt von keinem Strahl -- 1c. Halleluja wir leben! -- 2. Vom Schlaf in Schattenwald erwacht -- 3a. Du rollest auf der Dämmrung Flor! -- 3b. Halleluja! wir leben! -- 4a. Ich hörte Haingesang -- 4b. Preis Liebe dir! wir leben! -- 5. Wir preisen dich, wir danken dir -- 6a. Dein Thron wird Nacht! -- 6b. Gerechter Gott! du furchtbar mächt'ger Gott -- 7. Selbst wenn des Lebens Engel -- 8a. Gerechter Richter du bist ewig gut -- 8b. O Gott! Lass schwinden, was du schufst -- 8c. Und Leben, Licht und Freud -- 9. Heilig! Heilig! Heilig! Sink Schöpfung -- 10. Lob und Ehre dem Ewigen -- 11. Dir jubeln aller Welten -- 12. Hoch ins Chor der Himmels Söhne -- 13. Halleluja! wir leben.</subfield>
  </datafield>
  <datafield tag="506" ind1="1" ind2=" ">
    <subfield code="a">Use restricted by the terms of the Moravian Music Foundation Research Policies.</subfield>
  </datafield>
  <datafield tag="594" ind1=" " ind2=" ">
    <subfield code="b">va01</subfield>
    <subfield code="b">vc01</subfield>
    <subfield code="b">vf01</subfield>
    <subfield code="a">ca04</subfield>
    <subfield code="a">oa</subfield>
  </datafield>
  <datafield tag="700" ind1="1" ind2=" ">
    <subfield code="a">Grider, Rufus A.</subfield>
    <subfield code="d">1817-</subfield>
    <subfield code="4">mcp</subfield>
  </datafield>
  <datafield tag="710" ind1="2" ind2=" ">
    <subfield code="a">Moravian Music Foundation</subfield>
    <subfield code="4">cur</subfield>
  </datafield>
  <datafield tag="710" ind1="2" ind2=" ">
    <subfield code="a">Lititz Collegium Musicum (Lititz, Pa.)</subfield>
    <subfield code="4">fmo</subfield>
  </datafield>
  <datafield tag="730" ind1="0" ind2=" ">
    <subfield code="a">Lititz Collegium Musicum Collection.</subfield>
  </datafield>
  <datafield tag="852" ind1=" " ind2=" ">
    <subfield code="a">US-BETm</subfield>
    <subfield code="p">LCM [Add L Voc 3, Folders 1-2] Beth ms</subfield>
  </datafield>
  <datafield tag="994" ind1=" " ind2=" ">
    <subfield code="a">C0</subfield>
    <subfield code="b">MORIA</subfield>
  </datafield>
</record>