<record>
  <leader>01438cdm a2200373Ii 4500</leader>
  <controlfield tag="001">1923025275</controlfield>
  <controlfield tag="003">OCoLC</controlfield>
  <controlfield tag="005">20160706113546.0</controlfield>
  <controlfield tag="007">qu</controlfield>
  <controlfield tag="008">151008q17911871pauuuae        n    zxx d</controlfield>
  <datafield tag="031" ind1=" " ind2=" ">
    <subfield code="a">1</subfield>
    <subfield code="b">1</subfield>
    <subfield code="d">Allegretto</subfield>
    <subfield code="g">G-2</subfield>
    <subfield code="m">fl</subfield>
    <subfield code="n">xFC</subfield>
    <subfield code="o">2/4</subfield>
    <subfield code="p">4''A8{B'''C}/4D-/8.6{''ABAB}/4A-/A8{GF}/4E-/E8{EE}/4E</subfield>
    <subfield code="2">pe</subfield>
  </datafield>
  <datafield tag="035" ind1=" " ind2=" ">
    <subfield code="a">(OCoLC)923025275</subfield>
  </datafield>
  <datafield tag="040" ind1=" " ind2=" ">
    <subfield code="a">MORIA</subfield>
    <subfield code="b">eng</subfield>
    <subfield code="c">MORIA</subfield>
    <subfield code="d">OCLCO</subfield>
    <subfield code="d">OCLCQ</subfield>
    <subfield code="d">MORIA</subfield>
  </datafield>
  <datafield tag="049" ind1=" " ind2=" ">
    <subfield code="a">MORA</subfield>
  </datafield>
  <datafield tag="100" ind1="0" ind2=" ">
    <subfield code="a">Anonymous</subfield>
  </datafield>
  <datafield tag="240" ind1="1" ind2="0">
    <subfield code="a">Allegretto</subfield>
    <subfield code="r">D major</subfield>
  </datafield>
  <datafield tag="245" ind1="1" ind2="0">
    <subfield code="a">[Allegretto, D major, 131m] /</subfield>
    <subfield code="c">[Anonymous].</subfield>
  </datafield>
  <datafield tag="264" ind1=" " ind2="0">
    <subfield code="a">[Probably copied in Lititz, Pennsylvania],</subfield>
    <subfield code="c">[between 1791 and 1871]</subfield>
  </datafield>
  <datafield tag="300" ind1=" " ind2=" ">
    <subfield code="a">1 manuscript part ;</subfield>
    <subfield code="c">19 x 28 cm.</subfield>
  </datafield>
  <datafield tag="336" ind1=" " ind2=" ">
    <subfield code="a">notated music</subfield>
    <subfield code="b">ntm</subfield>
    <subfield code="2">rdacontent</subfield>
  </datafield>
  <datafield tag="337" ind1=" " ind2=" ">
    <subfield code="a">unmediated</subfield>
    <subfield code="b">n</subfield>
    <subfield code="2">rdamedia</subfield>
  </datafield>
  <datafield tag="338" ind1=" " ind2=" ">
    <subfield code="a">sheet</subfield>
    <subfield code="b">nb</subfield>
    <subfield code="2">rdacarrier</subfield>
  </datafield>
  <datafield tag="500" ind1=" " ind2=" ">
    <subfield code="a">Date time covers the dates for the Lititz Collegium Musicum Collection.</subfield>
  </datafield>
  <datafield tag="500" ind1=" " ind2=" ">
    <subfield code="a">Pt: Fl I. Allegretto.131m.</subfield>
  </datafield>
  <datafield tag="500" ind1=" " ind2=" ">
    <subfield code="a">Above some passages: Oboi. Above last m: Allegro.</subfield>
  </datafield>
  <datafield tag="506" ind1="1" ind2=" ">
    <subfield code="a">Use restricted by the terms of the Moravian Music Foundation Research Policies.</subfield>
  </datafield>
  <datafield tag="594" ind1=" " ind2=" ">
    <subfield code="a">wa01</subfield>
  </datafield>
  <datafield tag="710" ind1="2" ind2=" ">
    <subfield code="a">Moravian Music Foundation</subfield>
    <subfield code="4">cur</subfield>
  </datafield>
  <datafield tag="710" ind1="2" ind2=" ">
    <subfield code="a">Lititz Collegium Musicum (Lititz, Pa.)</subfield>
    <subfield code="4">fmo</subfield>
  </datafield>
  <datafield tag="730" ind1="0" ind2=" ">
    <subfield code="a">Lititz Collegium Musicum Collection.</subfield>
    <subfield code="k">Manuscript.</subfield>
    <subfield code="n">LCM [UID 2] Beth ms.</subfield>
  </datafield>
  <datafield tag="730" ind1="0" ind2=" ">
    <subfield code="a">Lititz Collegium Musicum Collection.</subfield>
  </datafield>
  <datafield tag="852" ind1=" " ind2=" ">
    <subfield code="a">US-BETm</subfield>
    <subfield code="p">LCM [UID 2] Beth ms</subfield>
  </datafield>
  <datafield tag="994" ind1=" " ind2=" ">
    <subfield code="a">C0</subfield>
    <subfield code="b">MORIA</subfield>
  </datafield>
</record>