<record>
  <leader>02184cdd a2200409Ii 4500</leader>
  <controlfield tag="001">1930368457</controlfield>
  <controlfield tag="003">OCoLC</controlfield>
  <controlfield tag="005">20160706113547.0</controlfield>
  <controlfield tag="007">qu</controlfield>
  <controlfield tag="008">151125s1793    xx syze        n    zxx d</controlfield>
  <datafield tag="031" ind1=" " ind2=" ">
    <subfield code="a">1</subfield>
    <subfield code="b">1</subfield>
    <subfield code="d">Allegro</subfield>
    <subfield code="g">G-2</subfield>
    <subfield code="m">vl</subfield>
    <subfield code="n">xFC</subfield>
    <subfield code="o">c</subfield>
    <subfield code="p">4'''D-''A-/F8-D{CDCD}/4B8-D{CDCD}/4A8-D{CDCD}/4E</subfield>
    <subfield code="2">pe</subfield>
  </datafield>
  <datafield tag="031" ind1=" " ind2=" ">
    <subfield code="a">1</subfield>
    <subfield code="b">2</subfield>
    <subfield code="d">Andante</subfield>
    <subfield code="g">G-2</subfield>
    <subfield code="m">vl</subfield>
    <subfield code="n">xF</subfield>
    <subfield code="o">2/4</subfield>
    <subfield code="p">4,B'8D6-D/8{E6EG}8D-/''4D6{C'BAG}/q8G8.{F6E}{DC,BA}/4B</subfield>
    <subfield code="2">pe</subfield>
  </datafield>
  <datafield tag="031" ind1=" " ind2=" ">
    <subfield code="a">1</subfield>
    <subfield code="b">3</subfield>
    <subfield code="d">Presto</subfield>
    <subfield code="g">G-2</subfield>
    <subfield code="m">vl</subfield>
    <subfield code="n">xFC</subfield>
    <subfield code="o">2/4</subfield>
    <subfield code="p">''D'D/A,A/'D-/8-'''{DC''B}/4BA/8-</subfield>
    <subfield code="2">pe</subfield>
  </datafield>
  <datafield tag="035" ind1=" " ind2=" ">
    <subfield code="a">(OCoLC)930368457</subfield>
  </datafield>
  <datafield tag="040" ind1=" " ind2=" ">
    <subfield code="a">MORIA</subfield>
    <subfield code="b">eng</subfield>
    <subfield code="c">MORIA</subfield>
    <subfield code="d">OCLCQ</subfield>
    <subfield code="d">MORIA</subfield>
  </datafield>
  <datafield tag="049" ind1=" " ind2=" ">
    <subfield code="a">MORA</subfield>
  </datafield>
  <datafield tag="100" ind1="1" ind2=" ">
    <subfield code="a">Schwindl, Friedrich</subfield>
    <subfield code="d">1737-1786</subfield>
    <subfield code="4">cmp</subfield>
  </datafield>
  <datafield tag="240" ind1="1" ind2="0">
    <subfield code="a">Symphonies</subfield>
    <subfield code="n">op. 9. $n No. 3,</subfield>
    <subfield code="r">D major</subfield>
  </datafield>
  <datafield tag="245" ind1="1" ind2="0">
    <subfield code="a">Sinfonia III :</subfield>
    <subfield code="b">Trois Sinfonies à Deux Violons, Taille &amp; Basse, Deux Flutes &amp; Deux Cors de Chasse (ad Libitum) Oeuvre Neuvieme /</subfield>
    <subfield code="c">Composées par F. Schwindel.</subfield>
  </datafield>
  <datafield tag="260" ind1=" " ind2=" ">
    <subfield code="c">[1793]</subfield>
  </datafield>
  <datafield tag="300" ind1=" " ind2=" ">
    <subfield code="a">6 manuscript parts</subfield>
  </datafield>
  <datafield tag="336" ind1=" " ind2=" ">
    <subfield code="a">notated music</subfield>
    <subfield code="b">ntm</subfield>
    <subfield code="2">rdacontent</subfield>
  </datafield>
  <datafield tag="337" ind1=" " ind2=" ">
    <subfield code="a">unmediated</subfield>
    <subfield code="b">n</subfield>
    <subfield code="2">rdamedia</subfield>
  </datafield>
  <datafield tag="500" ind1=" " ind2=" ">
    <subfield code="a">Caption title. Folder:  d. 8: Aug. 1793.  No. 9. 10. 11.  Trois  Sinfonies  à  Deux Violons, Taille &amp; Basse,  Deux Flutes &amp; Deux Cors de Chasse  (ad Libitum.)  Composées  par  F. Schwindel  Oeuvre Neuvieme  Dem Col. Mus zu Litiz gehörig.</subfield>
  </datafield>
  <datafield tag="500" ind1=" " ind2=" ">
    <subfield code="a">All pts copied by Johann Friedrich Peter.</subfield>
  </datafield>
  <datafield tag="500" ind1=" " ind2=" ">
    <subfield code="a">Pts: Fl I, II; Vln I, II; Vla; Basso (fig).</subfield>
  </datafield>
  <datafield tag="506" ind1="1" ind2=" ">
    <subfield code="a">Use restricted by the terms of the Moravian Music Foundation Research Policies.</subfield>
  </datafield>
  <datafield tag="545" ind1=" " ind2=" ">
    <subfield code="a">LCM 11. Nazareth Verzeichniss 2 Feb 1798: Sinfonie v. Schwindel N. 3.</subfield>
  </datafield>
  <datafield tag="594" ind1=" " ind2=" ">
    <subfield code="a">ob</subfield>
  </datafield>
  <datafield tag="700" ind1="1" ind2=" ">
    <subfield code="a">Peter, Johann Friedrich</subfield>
    <subfield code="d">1746-1813</subfield>
    <subfield code="4">mcp</subfield>
  </datafield>
  <datafield tag="710" ind1="2" ind2=" ">
    <subfield code="a">Moravian Music Foundation</subfield>
    <subfield code="4">cur</subfield>
  </datafield>
  <datafield tag="710" ind1="2" ind2=" ">
    <subfield code="a">Lititz Collegium Musicum (Lititz, Pa.)</subfield>
    <subfield code="4">fmo</subfield>
  </datafield>
  <datafield tag="730" ind1="0" ind2=" ">
    <subfield code="a">Lititz Collegium Musicum Collection.</subfield>
  </datafield>
  <datafield tag="773" ind1="0" ind2=" ">
    <subfield code="a">Schwindl, Friedrich, 1737-1786.</subfield>
    <subfield code="s">Symphonies,</subfield>
    <subfield code="n">op. 9, no. 1-3.</subfield>
    <subfield code="t">Trois Sinfonies à Deux Violons, Taille &amp; Basse, Deux Flutes &amp; Deux Cors de Chasse (ad Libitum) Oeuvre Neuvieme.</subfield>
    <subfield code="d">{1793].</subfield>
    <subfield code="o">Lititz Collegium Musicum Collection LCM 9-11 Beth ms.</subfield>
    <subfield code="w">1923024796</subfield>
  </datafield>
  <datafield tag="852" ind1=" " ind2=" ">
    <subfield code="a">US-BETm</subfield>
    <subfield code="p">LCM 11 Beth ms</subfield>
  </datafield>
  <datafield tag="994" ind1=" " ind2=" ">
    <subfield code="a">C0</subfield>
    <subfield code="b">MORIA</subfield>
  </datafield>
</record>