<record>
  <leader>02539cdm a2200397Ii 4500</leader>
  <controlfield tag="001">1930799103</controlfield>
  <controlfield tag="003">OCoLC</controlfield>
  <controlfield tag="005">20160706113547.0</controlfield>
  <controlfield tag="007">qu</controlfield>
  <controlfield tag="008">151202s1785    xx syze        n    zxx d</controlfield>
  <datafield tag="031" ind1=" " ind2=" ">
    <subfield code="a">1</subfield>
    <subfield code="b">1</subfield>
    <subfield code="d">Allegro</subfield>
    <subfield code="g">G-2</subfield>
    <subfield code="m">vl</subfield>
    <subfield code="n">bBEA</subfield>
    <subfield code="o">c</subfield>
    <subfield code="p">2'E4.8,GB/4'EGB,B/'2E4.8,GB/4'E''EEE/E</subfield>
    <subfield code="2">pe</subfield>
  </datafield>
  <datafield tag="031" ind1=" " ind2=" ">
    <subfield code="a">1</subfield>
    <subfield code="b">2</subfield>
    <subfield code="d">Andante</subfield>
    <subfield code="g">G-2</subfield>
    <subfield code="m">vl</subfield>
    <subfield code="n">bBE</subfield>
    <subfield code="o">2/4</subfield>
    <subfield code="p">6648{''DE}/F{BDE}/F{B'B''D}/8{C'B}q6''D{8C'6BA}/{''FGAB}4F</subfield>
    <subfield code="2">pe</subfield>
  </datafield>
  <datafield tag="031" ind1=" " ind2=" ">
    <subfield code="a">1</subfield>
    <subfield code="b">3</subfield>
    <subfield code="d">Presto</subfield>
    <subfield code="g">G-2</subfield>
    <subfield code="m">vl</subfield>
    <subfield code="n">bBEA</subfield>
    <subfield code="o">2/4</subfield>
    <subfield code="p">2''E/44.qDC8'B/{A''CFE}/qE44D8{C'B}/4''A-</subfield>
    <subfield code="2">pe</subfield>
  </datafield>
  <datafield tag="035" ind1=" " ind2=" ">
    <subfield code="a">(OCoLC)930799103</subfield>
  </datafield>
  <datafield tag="040" ind1=" " ind2=" ">
    <subfield code="a">MORIA</subfield>
    <subfield code="b">eng</subfield>
    <subfield code="c">MORIA</subfield>
    <subfield code="d">MORIA</subfield>
    <subfield code="d">OCLCQ</subfield>
    <subfield code="d">MORIA</subfield>
  </datafield>
  <datafield tag="049" ind1=" " ind2=" ">
    <subfield code="a">MORA</subfield>
  </datafield>
  <datafield tag="100" ind1="1" ind2=" ">
    <subfield code="a">Kreusser, Georg Anton</subfield>
    <subfield code="d">1743-1810</subfield>
    <subfield code="4">cmp</subfield>
  </datafield>
  <datafield tag="240" ind1="1" ind2="0">
    <subfield code="a">Symphonies</subfield>
    <subfield code="n">op. 1.</subfield>
    <subfield code="n">No. 3,</subfield>
    <subfield code="r">E♭ major</subfield>
  </datafield>
  <datafield tag="245" ind1="1" ind2="0">
    <subfield code="a">Sinfonia III :</subfield>
    <subfield code="b">[Tre Sinfonie à Due Violini, Viola è Basso Due Oboi ô Flauti e Due Corni /</subfield>
    <subfield code="c">Da Giorgio Antonio Kreusser, Maestro di Concerto della Corte Electorale di Magonza].</subfield>
  </datafield>
  <datafield tag="260" ind1=" " ind2=" ">
    <subfield code="c">[approximately 1785]</subfield>
  </datafield>
  <datafield tag="300" ind1=" " ind2=" ">
    <subfield code="a">8 manuscript parts ;</subfield>
    <subfield code="c">34 cm</subfield>
  </datafield>
  <datafield tag="336" ind1=" " ind2=" ">
    <subfield code="a">notated music</subfield>
    <subfield code="b">ntm</subfield>
    <subfield code="2">rdacontent</subfield>
  </datafield>
  <datafield tag="337" ind1=" " ind2=" ">
    <subfield code="a">unmediated</subfield>
    <subfield code="b">n</subfield>
    <subfield code="2">rdamedia</subfield>
  </datafield>
  <datafield tag="500" ind1=" " ind2=" ">
    <subfield code="a">Caption title.</subfield>
  </datafield>
  <datafield tag="500" ind1=" " ind2=" ">
    <subfield code="a">Title page: No. / 80. 81. 82 / Tre Sinfonie / à Due Violini, Viola è Basso / Due Oboi ô Flauti e Due Corni, / Dedicate / a S.E. Il Signor Comte Regnante / Damiano Hugone Ervino De Schoenberg / Buchheim, Wolfsthal e Reichelsberg, Signore dell Contà / e Signore de Wiesentheid, Gaibach, Pom[m]ersfelden, del / Landgericht Grombach, Hallerndorf, Weyher, Arnsfels, / Dorneck, e Schmierenberg in Styria, e Waldensstein in / Corintia &amp; &amp;, Ciamberlano e Consigliere Segreto attuale / di Stato delle Loro Maèsta Imperiale e Reggie Apostoliche / e Cavaliere dell' Ordino imperiale di S. Giuseppe &amp; &amp; . / Da / Giorgio Antonio Kreusser / Maestro di Concerto / della Corte Electorale di Magonza. Bottom, right: / [another hand:] Dem Col. Mus in Litiz gehörig. All pts copied by Johann Friedrich Peter. [crossed out: d. 23 Dec. 1785].</subfield>
  </datafield>
  <datafield tag="500" ind1=" " ind2=" ">
    <subfield code="a">Pts: Ob I, II; Hn I, II; Vln I, II; Vla; Basso (fig).</subfield>
  </datafield>
  <datafield tag="500" ind1=" " ind2=" ">
    <subfield code="a">Pts: Vln I, II; Vla; Basso (fig). Tacet: Ob I, II; Hn I, II. Andante.</subfield>
  </datafield>
  <datafield tag="506" ind1="1" ind2=" ">
    <subfield code="a">Use restricted by the terms of the Moravian Music Foundation Research Policies.</subfield>
  </datafield>
  <datafield tag="594" ind1=" " ind2=" ">
    <subfield code="a">ob</subfield>
  </datafield>
  <datafield tag="700" ind1="1" ind2=" ">
    <subfield code="a">Peter, Johann Friedrich</subfield>
    <subfield code="d">1746-1813</subfield>
    <subfield code="4">mcp</subfield>
  </datafield>
  <datafield tag="710" ind1="2" ind2=" ">
    <subfield code="a">Moravian Music Foundation</subfield>
    <subfield code="4">cur</subfield>
  </datafield>
  <datafield tag="710" ind1="2" ind2=" ">
    <subfield code="a">Lititz Collegium Musicum (Lititz, Pa.)</subfield>
    <subfield code="4">fmo</subfield>
  </datafield>
  <datafield tag="730" ind1="0" ind2=" ">
    <subfield code="a">Lititz Collegium Musicum Collection.</subfield>
  </datafield>
  <datafield tag="852" ind1=" " ind2=" ">
    <subfield code="a">US-BETm</subfield>
    <subfield code="p">LCM 80-82 Beth ms</subfield>
  </datafield>
  <datafield tag="994" ind1=" " ind2=" ">
    <subfield code="a">C0</subfield>
    <subfield code="b">MORIA</subfield>
  </datafield>
</record>