<record>
  <leader>02670cdd a2200445Ii 4500</leader>
  <controlfield tag="001">1930922898</controlfield>
  <controlfield tag="003">OCoLC</controlfield>
  <controlfield tag="005">20160706113547.0</controlfield>
  <controlfield tag="007">qu</controlfield>
  <controlfield tag="008">151203s1784    xx syze        n    zxx d</controlfield>
  <datafield tag="031" ind1=" " ind2=" ">
    <subfield code="a">1</subfield>
    <subfield code="b">1</subfield>
    <subfield code="d">Allegro moderato</subfield>
    <subfield code="g">G-2</subfield>
    <subfield code="m">vl</subfield>
    <subfield code="o">c</subfield>
    <subfield code="p">4'C8-6{''C'B}{''8C'GEG}/i/8C-''G-A-F-/G-E-F-D-</subfield>
    <subfield code="r">C</subfield>
    <subfield code="2">pe</subfield>
  </datafield>
  <datafield tag="031" ind1=" " ind2=" ">
    <subfield code="a">1</subfield>
    <subfield code="b">2</subfield>
    <subfield code="d">Andante</subfield>
    <subfield code="g">G-2</subfield>
    <subfield code="m">vl</subfield>
    <subfield code="n">bB</subfield>
    <subfield code="o">2/4</subfield>
    <subfield code="p">8''C/{GFFF}/{F6EtF}8G-C/{GGGG}/6{G3FG}8A-6.3{A'''C}/8{C''B}-</subfield>
    <subfield code="2">pe</subfield>
  </datafield>
  <datafield tag="031" ind1=" " ind2=" ">
    <subfield code="a">1</subfield>
    <subfield code="b">3</subfield>
    <subfield code="d">Presto</subfield>
    <subfield code="g">G-2</subfield>
    <subfield code="m">vl</subfield>
    <subfield code="n">bB</subfield>
    <subfield code="o">6/8</subfield>
    <subfield code="p">''8G/4.'''C''G/8{EGE}{FED}/4.C'G/8{EGE}{FED}/4C</subfield>
    <subfield code="2">pe</subfield>
  </datafield>
  <datafield tag="035" ind1=" " ind2=" ">
    <subfield code="a">(OCoLC)930922898</subfield>
  </datafield>
  <datafield tag="040" ind1=" " ind2=" ">
    <subfield code="a">MORIA</subfield>
    <subfield code="b">eng</subfield>
    <subfield code="c">MORIA</subfield>
    <subfield code="d">MORIA</subfield>
    <subfield code="d">OCLCQ</subfield>
    <subfield code="d">MORIA</subfield>
  </datafield>
  <datafield tag="049" ind1=" " ind2=" ">
    <subfield code="a">MORA</subfield>
  </datafield>
  <datafield tag="100" ind1="1" ind2=" ">
    <subfield code="a">Vanhal, Johann Baptist</subfield>
    <subfield code="d">1739-1813</subfield>
    <subfield code="4">cmp</subfield>
  </datafield>
  <datafield tag="240" ind1="1" ind2="0">
    <subfield code="a">Symphonies, B. C15</subfield>
    <subfield code="r">C major</subfield>
  </datafield>
  <datafield tag="245" ind1="1" ind2="0">
    <subfield code="a">Sinfonia III :</subfield>
    <subfield code="b">[Sinfonies, Oeuv. 7 /</subfield>
    <subfield code="c">Vanhal].</subfield>
  </datafield>
  <datafield tag="260" ind1=" " ind2=" ">
    <subfield code="c">[after 1784]</subfield>
  </datafield>
  <datafield tag="300" ind1=" " ind2=" ">
    <subfield code="a">11 manuscript parts ;</subfield>
    <subfield code="c">29 cm</subfield>
  </datafield>
  <datafield tag="336" ind1=" " ind2=" ">
    <subfield code="a">notated music</subfield>
    <subfield code="b">ntm</subfield>
    <subfield code="2">rdacontent</subfield>
  </datafield>
  <datafield tag="337" ind1=" " ind2=" ">
    <subfield code="a">unmediated</subfield>
    <subfield code="b">n</subfield>
    <subfield code="2">rdamedia</subfield>
  </datafield>
  <datafield tag="500" ind1=" " ind2=" ">
    <subfield code="a">Caption title: Vanhal Sinfonies Oeuv. 7. Hn I, top, pencil: 83. 84. 85. 86.87. 88. All pts copied by Johann Christian Bechler. A copy made by Nitschmann of the D minor symphony (no 4) in this Bechler ms is in the SCM Collection (SCM 227) as is a Peter copy of an incomplete vln I pt (SCM 228). The D minor symphony is listed in the Breitkopf Thematic Catalogue, Supplement VI: 1771.</subfield>
  </datafield>
  <datafield tag="500" ind1=" " ind2=" ">
    <subfield code="a">Pts: Ob I, II; Hn I, II; Vln I, II; Vla I, II (Tacet); Basso. Allegro moderato, Presto.</subfield>
  </datafield>
  <datafield tag="500" ind1=" " ind2=" ">
    <subfield code="a">Pts: Vln I, II; Vla I; Basso. Tacet: Ob I, II; Hn I, II; Vla II. Andante.</subfield>
  </datafield>
  <datafield tag="500" ind1=" " ind2=" ">
    <subfield code="a">Caption title: Sinfonia III.</subfield>
  </datafield>
  <datafield tag="500" ind1=" " ind2=" ">
    <subfield code="a">A Hummel edition of Oeuv 7 (see SCM 229) contains a different Symphony No. 4 in A minor. Otherwise, the works in the Hummel set correspond to the works in this Bechler ms.</subfield>
    <subfield code="5">NcWsMM</subfield>
  </datafield>
  <datafield tag="500" ind1=" " ind2=" ">
    <subfield code="a">For a viola pt copied by Peter, corresponding to the Hummel edition, see BMisc [39]. See also BMisc [5].</subfield>
    <subfield code="5">NcWsMM</subfield>
  </datafield>
  <datafield tag="506" ind1="1" ind2=" ">
    <subfield code="a">Use restricted by the terms of the Moravian Music Foundation Research Policies.</subfield>
  </datafield>
  <datafield tag="545" ind1=" " ind2=" ">
    <subfield code="a">Nazareth Verzeichniss: 2 Jan 1814: Sinfonie di Vanhal No. III C. dur. May refer to this symphony.</subfield>
  </datafield>
  <datafield tag="594" ind1=" " ind2=" ">
    <subfield code="a">ob</subfield>
  </datafield>
  <datafield tag="700" ind1="1" ind2=" ">
    <subfield code="a">Bechler, Johann Christian</subfield>
    <subfield code="d">1784-1857</subfield>
    <subfield code="4">mcp</subfield>
  </datafield>
  <datafield tag="710" ind1="2" ind2=" ">
    <subfield code="a">Moravian Music Foundation</subfield>
    <subfield code="4">cur</subfield>
  </datafield>
  <datafield tag="710" ind1="2" ind2=" ">
    <subfield code="a">Lititz Collegium Musicum (Lititz, Pa.)</subfield>
    <subfield code="4">fmo</subfield>
  </datafield>
  <datafield tag="730" ind1="0" ind2=" ">
    <subfield code="a">Lititz Collegium Musicum Collection.</subfield>
  </datafield>
  <datafield tag="773" ind1="0" ind2=" ">
    <subfield code="a">Vanhal, Johann Baptist, 1739-1813.</subfield>
    <subfield code="s">Symphonies. Selections.</subfield>
    <subfield code="t">Sinfonies, Oeuv. 7.</subfield>
    <subfield code="d">[between approximately 1760 and 1771].</subfield>
    <subfield code="o">Lititz Collegium Musicum Collection LCM 83-88 Beth ms.</subfield>
    <subfield code="w">1923024642</subfield>
  </datafield>
  <datafield tag="852" ind1=" " ind2=" ">
    <subfield code="a">US-BETm</subfield>
    <subfield code="p">LCM 83-88 Beth ms</subfield>
  </datafield>
  <datafield tag="994" ind1=" " ind2=" ">
    <subfield code="a">C0</subfield>
    <subfield code="b">MORIA</subfield>
  </datafield>
</record>