<record>
  <leader>02140cdd a2200385Ii 4500</leader>
  <controlfield tag="001">1936069983</controlfield>
  <controlfield tag="003">OCoLC</controlfield>
  <controlfield tag="005">20160706113547.0</controlfield>
  <controlfield tag="007">qu</controlfield>
  <controlfield tag="008">160126q18001805xx mrze        n  b zxx d</controlfield>
  <datafield tag="031" ind1=" " ind2=" ">
    <subfield code="a">1</subfield>
    <subfield code="g">G-2</subfield>
    <subfield code="m">clno</subfield>
    <subfield code="n">bBEA</subfield>
    <subfield code="o">c</subfield>
    <subfield code="p">8'{EGB}/!4''E8'{EGB}!f/''4E8{EEE}2Et/6-</subfield>
    <subfield code="2">pe</subfield>
  </datafield>
  <datafield tag="035" ind1=" " ind2=" ">
    <subfield code="a">(OCoLC)936069983</subfield>
  </datafield>
  <datafield tag="040" ind1=" " ind2=" ">
    <subfield code="a">MORIA</subfield>
    <subfield code="b">eng</subfield>
    <subfield code="c">MORIA</subfield>
  </datafield>
  <datafield tag="049" ind1=" " ind2=" ">
    <subfield code="a">MORA</subfield>
  </datafield>
  <datafield tag="100" ind1="1" ind2=" ">
    <subfield code="a">Viguerie, Bernard</subfield>
    <subfield code="d">approximately 1761-1819</subfield>
  </datafield>
  <datafield tag="240" ind1="1" ind2="0">
    <subfield code="a">Bataille de Marengo;</subfield>
    <subfield code="o">arranged</subfield>
  </datafield>
  <datafield tag="245" ind1="1" ind2="0">
    <subfield code="a">Battle of Maringo :</subfield>
    <subfield code="b">[in a collection of military pieces by various composers] /</subfield>
    <subfield code="c">di Viguierie.</subfield>
  </datafield>
  <datafield tag="260" ind1=" " ind2=" ">
    <subfield code="c">[between 1800 and 1805]</subfield>
  </datafield>
  <datafield tag="300" ind1=" " ind2=" ">
    <subfield code="a">9 manuscript parts ;</subfield>
    <subfield code="c">29 cm.</subfield>
  </datafield>
  <datafield tag="500" ind1=" " ind2=" ">
    <subfield code="a">Cover Folder: No 200  [hand of principal scribe:] Menuett militaire di Bocherini  Madisons March di P. Wolle  &amp;  Battle of maringo di viguerie  2 Clarinetts  2 Horns  2 Fagottos to the 2 first  &amp;  2 Clarinetts  2 Horns  &amp; 1 Fagott to  Battle of maringo  John Levering.</subfield>
  </datafield>
  <datafield tag="500" ind1=" " ind2=" ">
    <subfield code="a">All pts copied by John Levering.</subfield>
  </datafield>
  <datafield tag="500" ind1=" " ind2=" ">
    <subfield code="a">LCM 200[.3]. Pts: Cl I, II; Bsn; Clarino; Hn I, II.</subfield>
  </datafield>
  <datafield tag="500" ind1=" " ind2=" ">
    <subfield code="a">LCM 200[.3]. Caption: Battle of Maringo. Viguerie.</subfield>
  </datafield>
  <datafield tag="506" ind1="1" ind2=" ">
    <subfield code="a">Use restricted by the terms of the Moravian Music Foundation Research Policies.</subfield>
  </datafield>
  <datafield tag="545" ind1=" " ind2=" ">
    <subfield code="a">Nazareth Verzeichniss listings for performances of this work are ambiguous. Earliest listing, 22 Feb 1805: Bataille von Maringo gespielt. This listing could refer to this arrangement or to the piano version. Later entries, 3 Dec 1807: Bataille von Marengo--als Symphonie; and 14 Dec 1810: Battle of Marengo--Sinfonie.</subfield>
  </datafield>
  <datafield tag="594" ind1=" " ind2=" ">
    <subfield code="a">wc02</subfield>
    <subfield code="a">wd01</subfield>
    <subfield code="a">bz01</subfield>
    <subfield code="a">ba02</subfield>
  </datafield>
  <datafield tag="700" ind1="1" ind2=" ">
    <subfield code="a">Levering, John</subfield>
    <subfield code="4">mcp</subfield>
  </datafield>
  <datafield tag="710" ind1="2" ind2=" ">
    <subfield code="a">Moravian Music Foundation</subfield>
    <subfield code="4">cur</subfield>
  </datafield>
  <datafield tag="710" ind1="2" ind2=" ">
    <subfield code="a">Lititz Collegium Musicum (Lititz, Pennsylvania)</subfield>
    <subfield code="4">fmo</subfield>
  </datafield>
  <datafield tag="730" ind1="0" ind2=" ">
    <subfield code="a">Lititz Collegium Musicum Collection.</subfield>
  </datafield>
  <datafield tag="773" ind1="0" ind2=" ">
    <subfield code="a">[Collection of military pieces by various composers].</subfield>
    <subfield code="d">[between 1800 and 1805].</subfield>
    <subfield code="o">Lititz Collegium Musicum Collection LCM 200 Beth ms.</subfield>
    <subfield code="w">1923025134</subfield>
  </datafield>
  <datafield tag="852" ind1=" " ind2=" ">
    <subfield code="a">US-BETm</subfield>
    <subfield code="p">LCM 200[.3] Beth ms</subfield>
  </datafield>
  <datafield tag="994" ind1=" " ind2=" ">
    <subfield code="a">C0</subfield>
    <subfield code="b">MORIA</subfield>
  </datafield>
</record>