<record>
  <leader>01907cdd a2200409Ii 4500</leader>
  <controlfield tag="001">1936115765</controlfield>
  <controlfield tag="003">OCoLC</controlfield>
  <controlfield tag="005">20160706113547.0</controlfield>
  <controlfield tag="007">qu</controlfield>
  <controlfield tag="008">160127q17841817xx mrze        n    eng d</controlfield>
  <datafield tag="031" ind1=" " ind2=" ">
    <subfield code="a">1</subfield>
    <subfield code="g">G-2</subfield>
    <subfield code="m">cl</subfield>
    <subfield code="n">bBEA</subfield>
    <subfield code="o">c/</subfield>
    <subfield code="p">4''E8.6{EE}{EGFD}/{EE'BG}4E-/''G8.6{GG}{GBAF}/{GE'BG4}E-</subfield>
    <subfield code="2">pe</subfield>
  </datafield>
  <datafield tag="035" ind1=" " ind2=" ">
    <subfield code="a">(OCoLC)936115765</subfield>
  </datafield>
  <datafield tag="040" ind1=" " ind2=" ">
    <subfield code="a">MORIA</subfield>
    <subfield code="b">eng</subfield>
    <subfield code="c">MORIA</subfield>
  </datafield>
  <datafield tag="049" ind1=" " ind2=" ">
    <subfield code="a">MORA</subfield>
  </datafield>
  <datafield tag="100" ind1="1" ind2=" ">
    <subfield code="a">Rolle, Johann Heinrich</subfield>
    <subfield code="d">1716-1785</subfield>
  </datafield>
  <datafield tag="240" ind1="1" ind2="0">
    <subfield code="a">Thirza und ihre Söhne</subfield>
    <subfield code="p">Marsch;</subfield>
    <subfield code="o">arranged</subfield>
  </datafield>
  <datafield tag="245" ind1="1" ind2="0">
    <subfield code="a">No. IV. Aus Thirza :</subfield>
    <subfield code="b">[from XII marches for 2 clarinets 2 horns 1 bassoon &amp; 1 trumpet] von Rolle.</subfield>
  </datafield>
  <datafield tag="246" ind1="2" ind2="0">
    <subfield code="a">Aus Thirza</subfield>
  </datafield>
  <datafield tag="260" ind1=" " ind2=" ">
    <subfield code="c">[between 1784 and 1817]</subfield>
  </datafield>
  <datafield tag="300" ind1=" " ind2=" ">
    <subfield code="a">6 manuscript parts ;</subfield>
    <subfield code="c">cm.</subfield>
  </datafield>
  <datafield tag="500" ind1=" " ind2=" ">
    <subfield code="a">Pts: Cl I, II; Bsn; Clarino; Hn I, II.</subfield>
  </datafield>
  <datafield tag="500" ind1=" " ind2=" ">
    <subfield code="a">No 203  [another hand:] XII. Marches.  For 2 Clarinetts  2 Horns  1 Bassoon  &amp;  1 Trumpet. Outside back of folder, another hand: 1817.  Litiz Band.</subfield>
  </datafield>
  <datafield tag="500" ind1=" " ind2=" ">
    <subfield code="a">LCM 203.4. Caption title: No IV. (Aus Thirza von Rolle).</subfield>
  </datafield>
  <datafield tag="500" ind1=" " ind2=" ">
    <subfield code="a">LCM 203.4. See: March: Thirza und ihre Söhne.</subfield>
    <subfield code="5">NcWsMM</subfield>
  </datafield>
  <datafield tag="506" ind1="1" ind2=" ">
    <subfield code="a">Use restricted by the terms of the Moravian Music Foundation Research Policies.</subfield>
  </datafield>
  <datafield tag="594" ind1=" " ind2=" ">
    <subfield code="a">wc02</subfield>
    <subfield code="a">wd01</subfield>
    <subfield code="a">bz01</subfield>
    <subfield code="a">ba02</subfield>
  </datafield>
  <datafield tag="700" ind1="1" ind2=" ">
    <subfield code="a">Rolle, Johann Heinrich</subfield>
    <subfield code="d">1716-1785</subfield>
    <subfield code="t">Thirza und Ihre Söhne.</subfield>
    <subfield code="p">March;</subfield>
    <subfield code="o">arranged.</subfield>
  </datafield>
  <datafield tag="710" ind1="2" ind2=" ">
    <subfield code="a">Lititz Collegium Musicum (Lititz, Pennsylvania)</subfield>
    <subfield code="4">fmo</subfield>
  </datafield>
  <datafield tag="710" ind1="2" ind2=" ">
    <subfield code="a">Moravian Music Foundation</subfield>
  </datafield>
  <datafield tag="710" ind1="2" ind2=" ">
    <subfield code="a">Lititz Band (Lititz, Pennsylvania)</subfield>
    <subfield code="4">fmo</subfield>
  </datafield>
  <datafield tag="730" ind1="0" ind2=" ">
    <subfield code="a">Lititz Collegium Musicum Collection.</subfield>
  </datafield>
  <datafield tag="773" ind1="0" ind2=" ">
    <subfield code="a">XII marches for 2 clarinetts 2 horns 1 bassoon &amp; 1 trumpet.</subfield>
    <subfield code="d">[between 1784 and 1817].</subfield>
    <subfield code="o">Lititz Collegium Musicum Collection LCM 203 Beth ms.</subfield>
    <subfield code="w">1923025137</subfield>
  </datafield>
  <datafield tag="852" ind1=" " ind2=" ">
    <subfield code="a">US-BETm</subfield>
    <subfield code="p">LCM 203.4 Beth ms</subfield>
  </datafield>
  <datafield tag="994" ind1=" " ind2=" ">
    <subfield code="a">C0</subfield>
    <subfield code="b">MORIA</subfield>
  </datafield>
</record>