<record>
  <leader>02329cdd a2200421Ii 4500</leader>
  <controlfield tag="001">1936178185</controlfield>
  <controlfield tag="003">OCoLC</controlfield>
  <controlfield tag="005">20160706113548.0</controlfield>
  <controlfield tag="007">qu</controlfield>
  <controlfield tag="008">160128q17921794xx suze        n    zxx d</controlfield>
  <datafield tag="031" ind1=" " ind2=" ">
    <subfield code="a">1</subfield>
    <subfield code="b">1</subfield>
    <subfield code="d">Allegro Assai</subfield>
    <subfield code="g">G-2</subfield>
    <subfield code="m">cl</subfield>
    <subfield code="n">bBEA</subfield>
    <subfield code="o">3/4</subfield>
    <subfield code="p">''2.E/G/2B4G/EEE/EGE/'B</subfield>
    <subfield code="2">pe</subfield>
  </datafield>
  <datafield tag="031" ind1=" " ind2=" ">
    <subfield code="a">1</subfield>
    <subfield code="b">2</subfield>
    <subfield code="d">Andantino</subfield>
    <subfield code="g">G-2</subfield>
    <subfield code="m">cl</subfield>
    <subfield code="n">bBEA</subfield>
    <subfield code="o">c/</subfield>
    <subfield code="p">qq6''{GA}r4B8.6{BA}4GG/g8B4AA2F/g8A4G8.6{GF}4EE/F</subfield>
    <subfield code="2">pe</subfield>
  </datafield>
  <datafield tag="031" ind1=" " ind2=" ">
    <subfield code="a">1</subfield>
    <subfield code="b">3</subfield>
    <subfield code="d">Adagio</subfield>
    <subfield code="g">G-2</subfield>
    <subfield code="m">cl</subfield>
    <subfield code="n">bBEA</subfield>
    <subfield code="o">3/8</subfield>
    <subfield code="p">8.6{'B''C8'B}/G-B/8.6{AB8A}/F-,B/'4G</subfield>
    <subfield code="2">pe</subfield>
  </datafield>
  <datafield tag="031" ind1=" " ind2=" ">
    <subfield code="a">1</subfield>
    <subfield code="b">4</subfield>
    <subfield code="d">Allegro</subfield>
    <subfield code="g">G-2</subfield>
    <subfield code="m">cl</subfield>
    <subfield code="n">bBEA</subfield>
    <subfield code="o">2/4</subfield>
    <subfield code="p">'8B/''{EEEG}/4.B8G/{FFFA}/6{DEFE}8{D'B}/4''E</subfield>
    <subfield code="2">pe</subfield>
  </datafield>
  <datafield tag="035" ind1=" " ind2=" ">
    <subfield code="a">(OCoLC)936178185</subfield>
  </datafield>
  <datafield tag="040" ind1=" " ind2=" ">
    <subfield code="a">MORIA</subfield>
    <subfield code="b">eng</subfield>
    <subfield code="c">MORIA</subfield>
    <subfield code="d">OCLCF</subfield>
    <subfield code="d">MORIA</subfield>
  </datafield>
  <datafield tag="049" ind1=" " ind2=" ">
    <subfield code="a">MORA</subfield>
  </datafield>
  <datafield tag="100" ind1="1" ind2=" ">
    <subfield code="a">Stamitz, Karl</subfield>
    <subfield code="d">1745-1801</subfield>
    <subfield code="4">cmp</subfield>
  </datafield>
  <datafield tag="240" ind1="1" ind2="0">
    <subfield code="a">Divertimenti</subfield>
    <subfield code="m">clarinets (2), horns (2), bassoons (2),</subfield>
    <subfield code="n">op. 21,</subfield>
    <subfield code="n">no. 2,</subfield>
    <subfield code="r">E♭ major</subfield>
  </datafield>
  <datafield tag="245" ind1="1" ind2="0">
    <subfield code="a">No. 2 [Divertissement :</subfield>
    <subfield code="b">Quatre Divertissements /</subfield>
    <subfield code="c">Composes par Charles Stamitz].</subfield>
  </datafield>
  <datafield tag="260" ind1=" " ind2=" ">
    <subfield code="c">[between 1792 and 1794]</subfield>
  </datafield>
  <datafield tag="300" ind1=" " ind2=" ">
    <subfield code="a">6 manuscript parts ;</subfield>
    <subfield code="c">cm.</subfield>
  </datafield>
  <datafield tag="500" ind1=" " ind2=" ">
    <subfield code="a">Inner folder: No 205. 206. 207. 208. 209.  [hand of Johann Friedrich Peter:] Quatre Divertissements  Composes par  Charles Stamitz.  [a third different hand:] Dem Coll Mus zu Litiz gehorig. Only four works are in this manuscript. All pts copied by Johann Friedrich Peter.</subfield>
  </datafield>
  <datafield tag="500" ind1=" " ind2=" ">
    <subfield code="a">Pts: Cl I, II; Bsn I, II; Hn I, II.</subfield>
  </datafield>
  <datafield tag="500" ind1=" " ind2=" ">
    <subfield code="a">LCM 205. Caption: No 2.</subfield>
  </datafield>
  <datafield tag="500" ind1=" " ind2=" ">
    <subfield code="a">See also LCM 181-184.</subfield>
    <subfield code="5">NcWsMM</subfield>
  </datafield>
  <datafield tag="506" ind1="1" ind2=" ">
    <subfield code="a">Use restricted by the terms of the Moravian Music Foundation Research Policies.</subfield>
  </datafield>
  <datafield tag="510" ind1="3" ind2=" ">
    <subfield code="a">Dating according to Harry Hall, Diverimento ..op. 21, no. 1, Southern Music Co., 2001.</subfield>
  </datafield>
  <datafield tag="594" ind1=" " ind2=" ">
    <subfield code="a">wc02</subfield>
    <subfield code="a">wd02</subfield>
    <subfield code="a">ba02</subfield>
  </datafield>
  <datafield tag="700" ind1="1" ind2=" ">
    <subfield code="a">Peter, Johann Friedrich</subfield>
    <subfield code="d">1746-1813</subfield>
    <subfield code="4">mcp</subfield>
  </datafield>
  <datafield tag="710" ind1="2" ind2=" ">
    <subfield code="a">Moravian Music Foundation</subfield>
    <subfield code="4">cur</subfield>
  </datafield>
  <datafield tag="710" ind1="2" ind2=" ">
    <subfield code="a">Lititz Collegium Musicum (Lititz, Pennsylvania)</subfield>
    <subfield code="4">fmo</subfield>
  </datafield>
  <datafield tag="730" ind1="0" ind2=" ">
    <subfield code="a">Lititz Collegium Musicum Collection.</subfield>
  </datafield>
  <datafield tag="773" ind1="0" ind2=" ">
    <subfield code="a">Stamitz, Karl,1745-1801.</subfield>
    <subfield code="s">Divertimenti, clarinets (2), horns (2), bassoons (2),op. 21.</subfield>
    <subfield code="t">Quatre Divertissements.</subfield>
    <subfield code="d">[between 1792 and 1794].</subfield>
    <subfield code="o">Lititz Collegium Musicum Collection LCM 205-208 Beth ms.</subfield>
    <subfield code="w">1923025138</subfield>
  </datafield>
  <datafield tag="852" ind1=" " ind2=" ">
    <subfield code="a">US-BETm</subfield>
    <subfield code="p">LCM 206 Beth ms</subfield>
  </datafield>
  <datafield tag="994" ind1=" " ind2=" ">
    <subfield code="a">C0</subfield>
    <subfield code="b">MORIA</subfield>
  </datafield>
</record>