<record>
  <leader>02878cdd a2200481Ii 4500</leader>
  <controlfield tag="001">1946992182</controlfield>
  <controlfield tag="003">OCoLC</controlfield>
  <controlfield tag="005">20160706113548.0</controlfield>
  <controlfield tag="007">qu</controlfield>
  <controlfield tag="008">160420s1786    xx mua         n    zxx d</controlfield>
  <datafield tag="031" ind1=" " ind2=" ">
    <subfield code="a">1</subfield>
    <subfield code="b">1</subfield>
    <subfield code="d">Cantabile</subfield>
    <subfield code="g">G-2</subfield>
    <subfield code="m">clav</subfield>
    <subfield code="n">xFCG</subfield>
    <subfield code="o">3/4</subfield>
    <subfield code="p">4''E8C--6-C/4D8'B--6-B/6.3{''C'AGA}{''D'AGA}{''E'A''F'A}/q8B4AtG-</subfield>
    <subfield code="2">pe</subfield>
  </datafield>
  <datafield tag="031" ind1=" " ind2=" ">
    <subfield code="a">1</subfield>
    <subfield code="b">2</subfield>
    <subfield code="d">Allegro</subfield>
    <subfield code="g">G-2</subfield>
    <subfield code="m">clav</subfield>
    <subfield code="n">xFCG</subfield>
    <subfield code="o">2/4</subfield>
    <subfield code="p">4''Eqq6{DC'BA}r/i/-{A''A'A}-{A''G'A}/-{A''F'A}-{A''E'A}/4''E</subfield>
    <subfield code="2">pe</subfield>
  </datafield>
  <datafield tag="031" ind1=" " ind2=" ">
    <subfield code="a">1</subfield>
    <subfield code="b">3</subfield>
    <subfield code="d">Amoroso</subfield>
    <subfield code="g">G-2</subfield>
    <subfield code="m">clav</subfield>
    <subfield code="n">xFCG</subfield>
    <subfield code="o">3/4</subfield>
    <subfield code="p">4'E6.3{FGAG}/8qG4FtE-/866-{ED}-&amp;#xdc;-{C,B}/4B'C-</subfield>
    <subfield code="2">pe</subfield>
  </datafield>
  <datafield tag="031" ind1=" " ind2=" ">
    <subfield code="a">1</subfield>
    <subfield code="b">4</subfield>
    <subfield code="d">Allegretto</subfield>
    <subfield code="g">G-2</subfield>
    <subfield code="m">clav</subfield>
    <subfield code="n">xFCG</subfield>
    <subfield code="o">2/4</subfield>
    <subfield code="p">{8'E8.E}6{FGA}/{GF}4F8E/6{E''DDD}{DCCC}/{C'BBB}8B-</subfield>
    <subfield code="2">pe</subfield>
  </datafield>
  <datafield tag="031" ind1=" " ind2=" ">
    <subfield code="a">1</subfield>
    <subfield code="b">5</subfield>
    <subfield code="d">Francescamente</subfield>
    <subfield code="g">G-2</subfield>
    <subfield code="m">clav</subfield>
    <subfield code="n">xFCG</subfield>
    <subfield code="o">3/4</subfield>
    <subfield code="p">8.6{''ED}8{CDEF}/68.qE&amp;#xdc;8{'B''CDE}/68.qD{C'B}8{AGF''D}/4C'B-</subfield>
    <subfield code="2">pe</subfield>
  </datafield>
  <datafield tag="031" ind1=" " ind2=" ">
    <subfield code="a">1</subfield>
    <subfield code="b">6</subfield>
    <subfield code="d">Presto</subfield>
    <subfield code="g">G-2</subfield>
    <subfield code="m">clav</subfield>
    <subfield code="n">xFCG</subfield>
    <subfield code="o">2/4</subfield>
    <subfield code="p">6-{,AB'C}{DEFG}/{AEFG}{AB''CD}/8{EE}-C/-D-'B-</subfield>
    <subfield code="2">pe</subfield>
  </datafield>
  <datafield tag="035" ind1=" " ind2=" ">
    <subfield code="a">(OCoLC)946992182</subfield>
  </datafield>
  <datafield tag="040" ind1=" " ind2=" ">
    <subfield code="a">MORIA</subfield>
    <subfield code="b">eng</subfield>
    <subfield code="c">MORIA</subfield>
    <subfield code="d">OCLCF</subfield>
    <subfield code="d">MORIA</subfield>
  </datafield>
  <datafield tag="049" ind1=" " ind2=" ">
    <subfield code="a">MORA</subfield>
  </datafield>
  <datafield tag="100" ind1="1" ind2=" ">
    <subfield code="a">Vanhal, Johann Baptist</subfield>
    <subfield code="d">1739-1813</subfield>
  </datafield>
  <datafield tag="240" ind1="1" ind2="0">
    <subfield code="a">Divertimenti</subfield>
    <subfield code="m">keyboard,</subfield>
    <subfield code="n">W. XIVb: 22,</subfield>
    <subfield code="r">A major</subfield>
  </datafield>
  <datafield tag="245" ind1="0" ind2="0">
    <subfield code="a">Diverissement pour le Clavecin our le Forte Piano avec Accompagnement d'un Violon et de la Basse ad Libitum [A major] / par G. Vanhal.</subfield>
  </datafield>
  <datafield tag="260" ind1=" " ind2=" ">
    <subfield code="a">[Place not identified],</subfield>
    <subfield code="c">[before 1786]</subfield>
  </datafield>
  <datafield tag="300" ind1=" " ind2=" ">
    <subfield code="a">1 manuscript book (2nd piece) ;</subfield>
    <subfield code="c">18.5 x 24 cm.</subfield>
  </datafield>
  <datafield tag="336" ind1=" " ind2=" ">
    <subfield code="a">notated music</subfield>
    <subfield code="b">ntm</subfield>
    <subfield code="2">rdacontent</subfield>
  </datafield>
  <datafield tag="337" ind1=" " ind2=" ">
    <subfield code="a">unmediated</subfield>
    <subfield code="b">n</subfield>
    <subfield code="2">rdamedia</subfield>
  </datafield>
  <datafield tag="338" ind1=" " ind2=" ">
    <subfield code="a">sheet</subfield>
    <subfield code="b">nb</subfield>
    <subfield code="2">rdacarrier</subfield>
  </datafield>
  <datafield tag="383" ind1=" " ind2=" ">
    <subfield code="c">W. XIVb: 22</subfield>
    <subfield code="d">Weinmann</subfield>
  </datafield>
  <datafield tag="500" ind1=" " ind2=" ">
    <subfield code="a">Label on front cover, pencil: Bechler. Volume bound in boards. Bound partbook: Keybd. Entire ms copied by Johannes Herbst. Possibly copied from the J.J. Hummel edition of 1779.</subfield>
  </datafield>
  <datafield tag="500" ind1=" " ind2=" ">
    <subfield code="a">LCM [Add E Cham 1.2]. Divertissement pour le Clavecin ou le Forte Piano avec Accompagnement d'un Violon et de la Basse ad Libitum par G. Van hal. Lower right, Johann Friedrich Früauff's hand: Zum Andenken des lieben Kindes [Johannes Herbst's hand:] Sam Heinr Herbst [Früauff's hand:] von sm Br: bekom[m]en. Fr. Fruauff im Nov. 1786. Entire ms copied by Johannes Herbst.</subfield>
  </datafield>
  <datafield tag="506" ind1="1" ind2=" ">
    <subfield code="a">Use restricted by the terms of the Moravian Music Foundation Research Policies.</subfield>
  </datafield>
  <datafield tag="594" ind1=" " ind2=" ">
    <subfield code="a">ka01</subfield>
  </datafield>
  <datafield tag="700" ind1="1" ind2=" ">
    <subfield code="a">Herbst, Johannes</subfield>
    <subfield code="d">1735-1812</subfield>
    <subfield code="4">mcp</subfield>
  </datafield>
  <datafield tag="700" ind1="1" ind2=" ">
    <subfield code="a">Bechler, Johann Christian</subfield>
    <subfield code="d">1784-1857</subfield>
    <subfield code="4">fmo</subfield>
  </datafield>
  <datafield tag="700" ind1="1" ind2=" ">
    <subfield code="a">Fruäuff, Johann Friedrich, 1762-1839</subfield>
  </datafield>
  <datafield tag="710" ind1="2" ind2=" ">
    <subfield code="a">Moravian Music Foundation</subfield>
    <subfield code="4">cur</subfield>
  </datafield>
  <datafield tag="710" ind1="2" ind2=" ">
    <subfield code="a">Lititz Collegium Musicum (Lititz, Pa.)</subfield>
    <subfield code="4">fmo</subfield>
  </datafield>
  <datafield tag="730" ind1="0" ind2=" ">
    <subfield code="a">Lititz Collegium Musicum Collection.</subfield>
  </datafield>
  <datafield tag="773" ind1="0" ind2=" ">
    <subfield code="a">Bechler [manuscript book].</subfield>
    <subfield code="t">Sonate pour le Clavecin our Forte Piano, Oeuvre 42.</subfield>
    <subfield code="d">[1786]</subfield>
    <subfield code="o">Lititz Collegium Musicum Collection LCM [Add E Cham 1] Beth ms.</subfield>
    <subfield code="w">1923025105</subfield>
  </datafield>
  <datafield tag="852" ind1=" " ind2=" ">
    <subfield code="a">US-BETm</subfield>
    <subfield code="p">LCM [Add E Cham 1.2] Beth ms</subfield>
  </datafield>
  <datafield tag="994" ind1=" " ind2=" ">
    <subfield code="a">C0</subfield>
    <subfield code="b">MORIA</subfield>
  </datafield>
</record>
</collection>